Ticker Symbol;Period Ending;Cash and Cash Equivalents;Net Income;Total Assets;Total Equity;Total Liabilities;Total Revenue;Earnings Per Share
AAL;2012-12-31;1330000000.0;-1876000000.0;23510000000.0;-7987000000.0;24891000000.0;24855000000.0;-5.6
AAL;2013-12-31;2175000000.0;-1834000000.0;42278000000.0;-2731000000.0;45009000000.0;26743000000.0;-11.25
AAL;2014-12-31;1768000000.0;2882000000.0;43225000000.0;2021000000.0;41204000000.0;42650000000.0;4.02
AAL;2015-12-31;1085000000.0;7610000000.0;48415000000.0;5635000000.0;42780000000.0;40990000000.0;11.39
AAP;2012-12-29;598111000.0;387670000.0;4613814000.0;1210694000.0;3403120000.0;6205003000.0;5.29
AAP;2013-12-28;1112471000.0;391758000.0;5564774000.0;1516205000.0;4048569000.0;6493814000.0;5.36
AAP;2015-01-03;104671000.0;493825000.0;7962358000.0;2002912000.0;5959446000.0;9843861000.0;6.75
AAP;2016-01-02;90782000.0;473398000.0;8134565000.0;2460648000.0;5673917000.0;9737018000.0;6.45
AAPL;2013-09-28;14259000000.0;37037000000.0;207000000000.0;123549000000.0;83451000000.0;170910000000.0;40.03
AAPL;2014-09-27;13844000000.0;39510000000.0;231839000000.0;111547000000.0;120292000000.0;182795000000.0;6.49
AAPL;2015-09-26;21120000000.0;53394000000.0;290345000000.0;119355000000.0;170990000000.0;233715000000.0;9.28
AAPL;2016-09-24;20484000000.0;45687000000.0;321686000000.0;128249000000.0;193437000000.0;215639000000.0;8.35
ABBV;2012-12-31;5901000000.0;5275000000.0;27008000000.0;-350000000.0;27358000000.0;18380000000.0;
ABBV;2013-12-31;9595000000.0;4128000000.0;29198000000.0;4492000000.0;24706000000.0;18790000000.0;2.58
ABBV;2014-12-31;8348000000.0;1774000000.0;27513000000.0;1742000000.0;25771000000.0;19960000000.0;1.11
ABBV;2015-12-31;8399000000.0;5144000000.0;53050000000.0;3945000000.0;49105000000.0;22859000000.0;3.15
ABC;2013-09-30;1231006000.0;433707000.0;18918638000.0;2319745000.0;16598893000.0;87959167000.0;1.88
ABC;2014-09-30;1808513000.0;274230000.0;21532183000.0;1956899000.0;19575284000.0;119569127000.0;1.22
ABC;2015-09-30;2167442000.0;-138165000.0;27962982000.0;616386000.0;27346596000.0;135961803000.0;-0.62
ABC;2016-09-30;2741832000.0;1427929000.0;33656200000.0;2129404000.0;31526796000.0;146849686000.0;6.73
ABT;2012-12-31;10802000000.0;5963000000.0;67235000000.0;26721000000.0;40514000000.0;19050000000.0;3.76
ABT;2013-12-31;3475000000.0;2576000000.0;42953000000.0;25171000000.0;17782000000.0;19657000000.0;1.64
ABT;2014-12-31;4063000000.0;2284000000.0;41207000000.0;21526000000.0;19681000000.0;20247000000.0;1.5
ABT;2015-12-31;5001000000.0;4423000000.0;41247000000.0;21211000000.0;20036000000.0;20405000000.0;2.94
ADBE;2013-11-29;834556000.0;289985000.0;10380298000.0;6724634000.0;3655664000.0;4055240000.0;0.58
ADBE;2014-11-28;1117400000.0;268395000.0;10785829000.0;6775905000.0;4009924000.0;4147065000.0;0.54
ADBE;2015-11-27;876560000.0;629551000.0;11726472000.0;7001580000.0;4724892000.0;4795511000.0;1.26
ADBE;2016-12-02;1011315000.0;1168782000.0;12707114000.0;7424835000.0;5282279000.0;5854430000.0;
ADI;2013-11-02;392089000.0;673487000.0;6381750000.0;4739576000.0;1642174000.0;2633689000.0;2.19
ADI;2014-11-01;569233000.0;629320000.0;6859690000.0;4757897000.0;2101793000.0;2864773000.0;0.35
ADI;2015-10-31;884353000.0;696878000.0;7058777000.0;5072959000.0;1985818000.0;3435092000.0;0.31
ADI;2016-10-29;921132000.0;861664000.0;7970278000.0;5165618000.0;2804660000.0;3421409000.0;0.96
ADM;2012-12-31;5352000000.0;1375000000.0;45136000000.0;18920000000.0;26005000000.0;90559000000.0;
ADM;2013-12-31;7082000000.0;1342000000.0;43752000000.0;20156000000.0;23558000000.0;89804000000.0;2.03
ADM;2014-12-31;5976000000.0;2248000000.0;43997000000.0;19575000000.0;24367000000.0;81201000000.0;3.44
ADM;2015-12-31;6124000000.0;1849000000.0;40157000000.0;17899000000.0;22242000000.0;67702000000.0;2.99
ADS;2012-12-31;1386042000.0;422256000.0;12000139000.0;528487000.0;11471652000.0;3641390000.0;8.44
ADS;2013-12-31;1480171000.0;496170000.0;13244257000.0;855761000.0;12388496000.0;4319063000.0;10.09
ADS;2014-12-31;1597492000.0;506293000.0;20263977000.0;2396380000.0;17867597000.0;5302940000.0;8.72
ADS;2015-12-31;1624601000.0;596541000.0;22421830000.0;2010030000.0;20411800000.0;6439746000.0;8.91
ADSK;2013-01-31;1612200000.0;247400000.0;4308400000.0;2043200000.0;2265200000.0;2312200000.0;1.09
ADSK;2014-01-31;1853000000.0;228800000.0;4595000000.0;2261500000.0;2333500000.0;2273900000.0;1.02
ADSK;2015-01-31;1410600000.0;81800000.0;4909700000.0;2219200000.0;2690500000.0;2512200000.0;0.36
ADSK;2016-01-31;1353000000.0;-330500000.0;5515300000.0;1619600000.0;3895700000.0;2504100000.0;-1.46
AEE;2012-12-31;184000000.0;-974000000.0;22230000000.0;6616000000.0;15614000000.0;5781000000.0;-4.01
AEE;2013-12-31;30000000.0;295000000.0;21042000000.0;6544000000.0;14498000000.0;5838000000.0;1.19
AEE;2014-12-31;5000000.0;592000000.0;22289000000.0;6713000000.0;15576000000.0;6053000000.0;2.42
AEE;2015-12-31;292000000.0;636000000.0;23640000000.0;6946000000.0;16694000000.0;6098000000.0;2.6
AEP;2012-12-31;355000000.0;1259000000.0;54367000000.0;15237000000.0;39130000000.0;14945000000.0;2.6
AEP;2013-12-31;188000000.0;1484200000.0;56414000000.0;16085000000.0;40329000000.0;14813500000.0;3.04
AEP;2014-12-31;257700000.0;1638000000.0;59544600000.0;16820200000.0;42724400000.0;16378600000.0;3.34
AEP;2015-12-31;283700000.0;2052300000.0;61683100000.0;17891700000.0;43791400000.0;16453200000.0;
AFL;2012-12-31;2041000000.0;2866000000.0;131094000000.0;15978000000.0;115116000000.0;25364000000.0;6.14
AFL;2013-12-31;2543000000.0;3158000000.0;121307000000.0;14620000000.0;106687000000.0;23939000000.0;6.8
AFL;2014-12-31;4658000000.0;2951000000.0;119767000000.0;18347000000.0;101420000000.0;22728000000.0;6.54
AFL;2015-12-31;4350000000.0;2533000000.0;118296000000.0;17708000000.0;100588000000.0;20872000000.0;5.88
AIG;2012-12-31;1151000000.0;3438000000.0;548633000000.0;98002000000.0;450631000000.0;71214000000.0;
AIG;2013-12-31;2241000000.0;9085000000.0;541329000000.0;100470000000.0;440859000000.0;68874000000.0;6.16
AIG;2014-12-31;1758000000.0;7529000000.0;515581000000.0;106898000000.0;408683000000.0;64406000000.0;5.27
AIG;2015-12-31;1629000000.0;2196000000.0;496943000000.0;89658000000.0;407285000000.0;58327000000.0;1.69
AIV;2012-12-31;229998000.0;132456000.0;6401380000.0;915425000.0;5485955000.0;958511000.0;0.61
AIV;2013-12-31;182788000.0;207290000.0;6079413000.0;967457000.0;5111956000.0;974053000.0;1.4
AIV;2014-12-31;120416000.0;309249000.0;6097028000.0;1227735000.0;4869293000.0;984363000.0;2.06
AIV;2015-12-31;137745000.0;248710000.0;6144194000.0;1622391000.0;4521803000.0;981310000.0;1.52
AIZ;2013-12-31;1717184000.0;488907000.0;29714689000.0;4833479000.0;24881210000.0;9047657000.0;6.38
AIZ;2014-12-31;1318656000.0;470907000.0;31562466000.0;5181307000.0;26381159000.0;10381653000.0;6.52
AIZ;2015-12-31;1288305000.0;141555000.0;30036402000.0;4523967000.0;25512435000.0;10325494000.0;2.08
AIZ;2016-12-31;1031971000.0;565350000.0;29709128000.0;4098100000.0;25611028000.0;7531780000.0;
AJG;2013-12-31;1325500000.0;268600000.0;6860500000.0;2085500000.0;4775000000.0;3179600000.0;2.08
AJG;2014-12-31;1682000000.0;303400000.0;10010000000.0;3229400000.0;6780600000.0;4626500000.0;1.98
AJG;2015-12-31;1892500000.0;356800000.0;10910500000.0;3638300000.0;7272200000.0;5392400000.0;2.07
AJG;2016-12-31;1937600000.0;414400000.0;11489600000.0;3596600000.0;7893000000.0;5594800000.0;
AKAM;2012-12-31;201989000.0;203989000.0;2600627000.0;2345754000.0;254873000.0;1373947000.0;1.15
AKAM;2013-12-31;333891000.0;293487000.0;2957685000.0;2629431000.0;328254000.0;1577922000.0;1.65
AKAM;2014-12-31;238650000.0;333948000.0;4001546000.0;2945335000.0;1056211000.0;1963874000.0;1.87
AKAM;2015-12-31;289473000.0;321406000.0;4187925000.0;3120878000.0;1067047000.0;2197448000.0;1.8
ALB;2012-12-31;477696000.0;311536000.0;3437291000.0;1833598000.0;1603693000.0;2519154000.0;3.49
ALB;2013-12-31;477239000.0;413171000.0;3584797000.0;1627361000.0;1957436000.0;2394270000.0;4.93
ALB;2014-12-31;2489768000.0;133316000.0;5223103000.0;1359465000.0;3863638000.0;2445548000.0;1.69
ALB;2015-12-31;213734000.0;334906000.0;9615014000.0;3254392000.0;6360622000.0;3651335000.0;3.01
ALK;2012-12-31;174000000.0;316000000.0;5505000000.0;1421000000.0;4084000000.0;4657000000.0;4.47
ALK;2013-12-31;80000000.0;508000000.0;5838000000.0;2029000000.0;3809000000.0;5156000000.0;7.26
ALK;2014-12-31;107000000.0;605000000.0;6064000000.0;2127000000.0;3937000000.0;5368000000.0;4.47
ALK;2015-12-31;73000000.0;848000000.0;6533000000.0;2411000000.0;4122000000.0;5598000000.0;6.61
ALL;2012-12-31;806000000.0;2306000000.0;126947000000.0;20580000000.0;106367000000.0;33315000000.0;4.71
ALL;2013-12-31;675000000.0;2280000000.0;123520000000.0;21480000000.0;102040000000.0;34507000000.0;4.87
ALL;2014-12-31;657000000.0;2850000000.0;108479000000.0;22304000000.0;86175000000.0;35239000000.0;6.37
ALL;2015-12-31;495000000.0;2171000000.0;104656000000.0;20025000000.0;84631000000.0;35653000000.0;5.12
ALLE;2013-12-31;267600000.0;32300000.0;2000600000.0;-66100000.0;2066700000.0;2069600000.0;
ALLE;2014-12-31;290500000.0;175200000.0;2015900000.0;-4800000.0;2020700000.0;2118300000.0;1.82
ALLE;2015-12-31;199700000.0;153900000.0;2263000000.0;25600000.0;2237400000.0;2068100000.0;1.6
ALLE;2016-12-31;312400000.0;229100000.0;2247400000.0;113300000.0;2134100000.0;2238000000.0;
ALXN;2013-12-31;529857000.0;252895000.0;3317696000.0;2382079000.0;935617000.0;1551346000.0;1.29
ALXN;2014-12-31;943999000.0;657000000.0;4201962000.0;3302018000.0;899944000.0;2234000000.0;3.32
ALXN;2015-12-31;1010000000.0;144000000.0;13097000000.0;8259000000.0;4838000000.0;2604000000.0;0.68
ALXN;2016-12-31;966000000.0;399000000.0;13253000000.0;8694000000.0;4559000000.0;3084000000.0;
AMAT;2013-10-27;1711000000.0;256000000.0;12043000000.0;7088000000.0;4955000000.0;7509000000.0;0.21
AMAT;2014-10-26;3002000000.0;1072000000.0;13174000000.0;7868000000.0;5306000000.0;9072000000.0;0.88
AMAT;2015-10-25;4797000000.0;1377000000.0;15308000000.0;7613000000.0;7695000000.0;9659000000.0;1.13
AMAT;2016-10-30;3406000000.0;1721000000.0;14588000000.0;7217000000.0;7371000000.0;10825000000.0;1.56
AME;2012-12-31;157984000.0;459132000.0;5190056000.0;2535151000.0;2654905000.0;3334213000.0;1.9
AME;2013-12-31;295203000.0;516999000.0;5877902000.0;3136121000.0;2741781000.0;3594136000.0;2.12
AME;2014-12-31;377615000.0;584460000.0;6420963000.0;3239561000.0;3181402000.0;4021964000.0;2.39
AME;2015-12-31;381005000.0;590859000.0;6664530000.0;3254626000.0;3409904000.0;3974295000.0;2.46
AMG;2012-12-31;430400000.0;174000000.0;6187100000.0;2084200000.0;4102900000.0;1748600000.0;3.36
AMG;2013-12-31;469600000.0;360500000.0;6318800000.0;2134200000.0;4184600000.0;2069800000.0;6.79
AMG;2014-12-31;550600000.0;452100000.0;7698100000.0;2627000000.0;5071100000.0;2404200000.0;8.22
AMG;2015-12-31;563800000.0;516000000.0;7784800000.0;2837100000.0;4947700000.0;2435900000.0;9.49
AMGN;2013-12-31;3805000000.0;5081000000.0;66125000000.0;22096000000.0;44029000000.0;18676000000.0;6.75
AMGN;2014-12-31;3731000000.0;5158000000.0;69009000000.0;25778000000.0;43231000000.0;20063000000.0;6.8
AMGN;2015-12-31;4144000000.0;6939000000.0;71449000000.0;28083000000.0;43366000000.0;21662000000.0;9.15
AMGN;2016-12-31;3241000000.0;7722000000.0;77626000000.0;29875000000.0;47751000000.0;22991000000.0;
AMP;2012-12-31;4909000000.0;1029000000.0;134729000000.0;9092000000.0;125637000000.0;10259000000.0;4.7
AMP;2013-12-31;5411000000.0;1334000000.0;144576000000.0;8192000000.0;136384000000.0;11230000000.0;6.56
AMP;2014-12-31;5642000000.0;1619000000.0;148810000000.0;8124000000.0;140686000000.0;12296000000.0;8.45
AMP;2015-12-31;5808000000.0;1562000000.0;145342000000.0;7217000000.0;138125000000.0;12200000000.0;8.6
AMT;2012-12-31;437934000.0;637283000.0;14089429000.0;3573101000.0;10516328000.0;2875960000.0;1.61
AMT;2013-12-31;446492000.0;551333000.0;20283665000.0;3534165000.0;16749500000.0;3361407000.0;1.4
AMT;2014-12-31;473698000.0;824910000.0;21263565000.0;3953560000.0;17310005000.0;4100048000.0;2.02
AMT;2015-12-31;462879000.0;685074000.0;26904272000.0;6651679000.0;20252593000.0;4771516000.0;1.42
AMZN;2013-12-31;8658000000.0;274000000.0;40159000000.0;9746000000.0;30413000000.0;74452000000.0;0.6
AMZN;2014-12-31;14557000000.0;-241000000.0;54505000000.0;10741000000.0;43764000000.0;88988000000.0;-0.52
AMZN;2015-12-31;15890000000.0;596000000.0;64747000000.0;13384000000.0;51363000000.0;107006000000.0;1.28
AMZN;2016-12-31;19334000000.0;2371000000.0;83402000000.0;19285000000.0;64117000000.0;135987000000.0;
AN;2013-12-31;69200000.0;374900000.0;7914100000.0;2061700000.0;5852400000.0;17517600000.0;3.09
AN;2014-12-31;75400000.0;418700000.0;8399700000.0;2072100000.0;6327600000.0;19108800000.0;3.57
AN;2015-12-31;74100000.0;442600000.0;9548200000.0;2349300000.0;7198900000.0;20862000000.0;3.93
AN;2016-12-31;64800000.0;430500000.0;10060000000.0;2310300000.0;7749700000.0;21609000000.0;
ANTM;2012-12-31;2475300000.0;2655500000.0;58955400000.0;23802700000.0;35152700000.0;61497200000.0;8.26
ANTM;2013-12-31;1582100000.0;2489700000.0;59574500000.0;24765200000.0;34809300000.0;71023500000.0;8.34
ANTM;2014-12-31;2151700000.0;2569700000.0;61676300000.0;24251300000.0;37425000000.0;73874100000.0;9.31
ANTM;2015-12-31;2113500000.0;2560000000.0;61717800000.0;23044100000.0;38673700000.0;79156500000.0;9.73
AON;2012-12-31;291000000.0;993000000.0;30486000000.0;7762000000.0;22724000000.0;11514000000.0;3.03
AON;2013-12-31;477000000.0;1113000000.0;30251000000.0;8145000000.0;22106000000.0;11815000000.0;3.57
AON;2014-12-31;374000000.0;1397000000.0;29772000000.0;6571000000.0;23201000000.0;12045000000.0;4.73
AON;2015-12-31;384000000.0;1385000000.0;27164000000.0;6106000000.0;21058000000.0;11682000000.0;4.93
APA;2012-12-31;160000000.0;2001000000.0;60737000000.0;31331000000.0;29406000000.0;16428000000.0;4.95
APA;2013-12-31;1906000000.0;2288000000.0;61637000000.0;33396000000.0;28241000000.0;14771000000.0;5.53
APA;2014-12-31;769000000.0;-5060000000.0;55952000000.0;25937000000.0;30015000000.0;12691000000.0;-14.06
APA;2015-12-31;1467000000.0;-23528000000.0;18842000000.0;2566000000.0;16276000000.0;6383000000.0;-61.2
APC;2013-12-31;3698000000.0;801000000.0;55781000000.0;21857000000.0;33924000000.0;14581000000.0;1.58
APC;2014-12-31;7369000000.0;-1750000000.0;60967000000.0;19725000000.0;41242000000.0;18470000000.0;-3.47
APC;2015-12-31;939000000.0;-6692000000.0;46331000000.0;12819000000.0;33512000000.0;8698000000.0;-13.18
APC;2016-12-31;3184000000.0;-3071000000.0;45564000000.0;12212000000.0;33352000000.0;7869000000.0;
APD;2013-09-30;450400000.0;994200000.0;17850100000.0;7042100000.0;10808000000.0;10180400000.0;4.74
APD;2014-09-30;336600000.0;991700000.0;17779100000.0;7365800000.0;10413300000.0;10439000000.0;4.66
APD;2015-09-30;206400000.0;1277900000.0;17334500000.0;7249000000.0;10085500000.0;9894900000.0;5.95
APD;2016-09-30;1501300000.0;631100000.0;18055300000.0;7079600000.0;10975700000.0;9524400000.0;2.92
APH;2012-12-31;690850000.0;555300000.0;5215463000.0;2429959000.0;2785504000.0;4292100000.0;3.44
APH;2013-12-31;886800000.0;635700000.0;6168000000.0;2859500000.0;3308500000.0;4614700000.0;4.0
APH;2014-12-31;968900000.0;709100000.0;6985900000.0;2907400000.0;4078500000.0;5345500000.0;2.26
APH;2015-12-31;1737200000.0;763500000.0;7458400000.0;3238500000.0;4219900000.0;5568700000.0;2.47
ARNC;2012-12-31;1861000000.0;191000000.0;40179000000.0;13199000000.0;26980000000.0;23700000000.0;0.18
ARNC;2013-12-31;1437000000.0;-2285000000.0;35742000000.0;10593000000.0;25149000000.0;23032000000.0;-2.14
ARNC;2014-12-31;1877000000.0;268000000.0;37363000000.0;12306000000.0;25057000000.0;23906000000.0;0.21
ARNC;2015-12-31;1919000000.0;-322000000.0;36528000000.0;12046000000.0;24482000000.0;22534000000.0;-0.31
ATVI;2012-12-31;3959000000.0;1149000000.0;14200000000.0;11317000000.0;2883000000.0;4856000000.0;1.01
ATVI;2013-12-31;4410000000.0;1010000000.0;14012000000.0;6622000000.0;7390000000.0;4583000000.0;0.96
ATVI;2014-12-31;4848000000.0;835000000.0;14642000000.0;7233000000.0;7409000000.0;4408000000.0;1.14
ATVI;2015-12-31;1823000000.0;892000000.0;15251000000.0;8068000000.0;7183000000.0;4664000000.0;1.21
AVB;2012-12-31;2733618000.0;423562000.0;11160078000.0;6837215000.0;4322863000.0;1000627000.0;4.34
AVB;2013-12-31;281355000.0;352771000.0;15328143000.0;8596132000.0;6732011000.0;1462921000.0;2.78
AVB;2014-12-31;509460000.0;697327000.0;16140578000.0;9046405000.0;7094173000.0;1685061000.0;5.22
AVB;2015-12-31;400507000.0;741733000.0;16931305000.0;9840526000.0;7090779000.0;1856028000.0;5.54
AVGO;2015-11-01;1822000000.0;1364000000.0;10515000000.0;4714000000.0;5801000000.0;6824000000.0;
AVGO;2016-10-30;3097000000.0;-1861000000.0;49966000000.0;18892000000.0;31074000000.0;13240000000.0;
AVY;2012-12-31;235400000.0;215400000.0;5105300000.0;1580900000.0;3524400000.0;5863500000.0;
AVY;2013-12-28;351600000.0;213200000.0;4610600000.0;1492200000.0;3118400000.0;6140000000.0;2.19
AVY;2015-01-03;207200000.0;245100000.0;4356900000.0;1047700000.0;3309200000.0;6330300000.0;2.65
AVY;2016-01-02;158800000.0;274300000.0;4133700000.0;965700000.0;3168000000.0;5966900000.0;3.01
AWK;2012-12-31;54189000.0;358070000.0;14718976000.0;4444988000.0;10255127000.0;2853926000.0;2.03
AWK;2013-12-31;55469000.0;369000000.0;15088142000.0;4727804000.0;10343161000.0;2879000000.0;2.08
AWK;2014-12-31;37000000.0;423000000.0;16038000000.0;4915000000.0;11108000000.0;3011000000.0;2.36
AWK;2015-12-31;66000000.0;476000000.0;17241000000.0;5049000000.0;12180000000.0;3159000000.0;2.66
AXP;2012-12-31;27526000000.0;4482000000.0;153140000000.0;18886000000.0;134254000000.0;33781000000.0;3.91
AXP;2013-12-31;24004000000.0;5359000000.0;153375000000.0;19496000000.0;133879000000.0;34828000000.0;4.91
AXP;2014-12-31;26249000000.0;5885000000.0;159103000000.0;20673000000.0;138430000000.0;35895000000.0;
AXP;2015-12-31;26263000000.0;5163000000.0;161184000000.0;20673000000.0;140511000000.0;34441000000.0;
AYI;2013-08-31;359100000.0;127400000.0;1903800000.0;993500000.0;910300000.0;2089100000.0;2.97
AYI;2014-08-31;552500000.0;175800000.0;2166400000.0;1163500000.0;1002900000.0;2393500000.0;4.07
AYI;2015-08-31;756800000.0;222100000.0;2407000000.0;1360000000.0;1047000000.0;2706700000.0;5.13
AYI;2016-08-31;413200000.0;290800000.0;2948000000.0;1659800000.0;1288200000.0;3291300000.0;6.67
AZO;2013-08-31;142191000.0;1016480000.0;6892089000.0;-1687319000.0;8579408000.0;9147530000.0;28.28
AZO;2014-08-30;124485000.0;1069744000.0;7497163000.0;-1621857000.0;9119020000.0;9475313000.0;32.16
AZO;2015-08-29;175309000.0;1160241000.0;8102349000.0;-1701390000.0;9803739000.0;10187340000.0;36.76
AZO;2016-08-27;189734000.0;1241007000.0;8599787000.0;-1787538000.0;10387325000.0;10635676000.0;41.52
BA;2013-12-31;9088000000.0;4585000000.0;92663000000.0;14875000000.0;77788000000.0;86623000000.0;6.03
BA;2014-12-31;11733000000.0;5446000000.0;92921000000.0;8665000000.0;84256000000.0;90762000000.0;7.47
BA;2015-12-31;11302000000.0;5176000000.0;94408000000.0;6335000000.0;88073000000.0;96114000000.0;7.52
BA;2016-12-31;8801000000.0;4895000000.0;89997000000.0;817000000.0;89180000000.0;94571000000.0;
BAC;2012-12-31;626626000000.0;4188000000.0;2209974000000.0;236956000000.0;1973018000000.0;100078000000.0;0.26
BAC;2013-12-31;577793000000.0;11431000000.0;2102273000000.0;232685000000.0;1869588000000.0;101697000000.0;0.94
BAC;2014-12-31;581963000000.0;4833000000.0;2104534000000.0;243471000000.0;1861063000000.0;95181000000.0;0.36
BAC;2015-12-31;612987000000.0;15888000000.0;2144316000000.0;256205000000.0;1888111000000.0;93056000000.0;
BAX;2012-12-31;3270000000.0;2326000000.0;20390000000.0;6938000000.0;13452000000.0;13936000000.0;4.22
BAX;2013-12-31;2733000000.0;2012000000.0;25224000000.0;8463000000.0;16761000000.0;9413000000.0;3.7
BAX;2014-12-31;2925000000.0;2497000000.0;26138000000.0;8120000000.0;18018000000.0;10719000000.0;4.61
BAX;2015-12-31;2213000000.0;968000000.0;20975000000.0;8846000000.0;12129000000.0;9968000000.0;1.78
BBBY;2013-03-02;564971000.0;1037788000.0;6279952000.0;4079730000.0;2200222000.0;10914585000.0;4.62
BBBY;2014-03-01;366516000.0;1022290000.0;6356033000.0;3941287000.0;2414746000.0;11503963000.0;4.85
BBBY;2015-02-28;875574000.0;957474000.0;6758993000.0;2743190000.0;4015803000.0;11881176000.0;5.13
BBBY;2016-02-27;515573000.0;841489000.0;6498940000.0;2559540000.0;3939400000.0;12103887000.0;5.15
BBT;2012-12-31;42267000000.0;1979000000.0;184499000000.0;21158000000.0;163341000000.0;10737000000.0;2.74
BBT;2013-12-31;42370000000.0;1680000000.0;183010000000.0;22759000000.0;160251000000.0;10543000000.0;2.22
BBT;2014-12-31;43472000000.0;2131000000.0;186834000000.0;24289000000.0;162545000000.0;9998000000.0;2.79
BBT;2015-12-31;47538000000.0;2084000000.0;209947000000.0;27306000000.0;182641000000.0;10346000000.0;2.59
BBY;2012-03-03;1199000000.0;-1231000000.0;16005000000.0;3745000000.0;12260000000.0;45457000000.0;-3.36
BBY;2014-02-01;2678000000.0;532000000.0;14013000000.0;3986000000.0;10027000000.0;40611000000.0;1.56
BBY;2015-01-31;2432000000.0;1233000000.0;15245000000.0;4995000000.0;10250000000.0;40339000000.0;3.53
BBY;2016-01-30;1976000000.0;897000000.0;13519000000.0;4378000000.0;9141000000.0;39528000000.0;2.59
BCR;2013-12-31;1083200000.0;689800000.0;5041100000.0;2088200000.0;2952900000.0;3049500000.0;8.54
BCR;2014-12-31;1007600000.0;294500000.0;5092600000.0;1804900000.0;3287700000.0;3323600000.0;3.83
BCR;2015-12-31;1030900000.0;135400000.0;4844000000.0;1455300000.0;3388700000.0;3416000000.0;1.8
BCR;2016-12-31;1106500000.0;531400000.0;5306100000.0;1675100000.0;3631000000.0;3714000000.0;
BDX;2013-09-30;1890000000.0;1293000000.0;12149000000.0;5043000000.0;7106000000.0;8054000000.0;6.63
BDX;2014-09-30;1861000000.0;1185000000.0;12447000000.0;5053000000.0;7395000000.0;8446000000.0;6.13
BDX;2015-09-30;1424000000.0;695000000.0;26478000000.0;7164000000.0;19314000000.0;10282000000.0;3.43
BDX;2016-09-30;1541000000.0;976000000.0;25586000000.0;7633000000.0;17953000000.0;12483000000.0;4.59
BHI;2013-12-31;1399000000.0;1096000000.0;27934000000.0;17713000000.0;10221000000.0;22364000000.0;2.47
BHI;2014-12-31;1740000000.0;1719000000.0;28827000000.0;18625000000.0;10202000000.0;24551000000.0;3.93
BHI;2015-12-31;2324000000.0;-1967000000.0;24080000000.0;16298000000.0;7782000000.0;15742000000.0;-4.49
BHI;2016-12-31;4572000000.0;-2738000000.0;19034000000.0;12656000000.0;6378000000.0;9841000000.0;
BIIB;2013-12-31;602562000.0;1862300000.0;11863335000.0;8620242000.0;3243093000.0;6932200000.0;7.86
BIIB;2014-12-31;1204900000.0;2934800000.0;14314700000.0;10809000000.0;3505700000.0;9703300000.0;12.42
BIIB;2015-12-31;1308000000.0;3547000000.0;19504800000.0;9372800000.0;10132000000.0;10763800000.0;15.38
BIIB;2016-12-31;2326500000.0;3702800000.0;22876800000.0;12140100000.0;10736700000.0;11448800000.0;
BK;2012-12-31;145340000000.0;2437000000.0;358990000000.0;36431000000.0;322559000000.0;14528000000.0;2.04
BK;2013-12-31;155280000000.0;2104000000.0;374516000000.0;37497000000.0;337019000000.0;14942000000.0;1.75
BK;2014-12-31;143449000000.0;2567000000.0;385303000000.0;37441000000.0;347862000000.0;15649000000.0;2.17
BK;2015-12-31;159259000000.0;3158000000.0;393780000000.0;38037000000.0;355743000000.0;14951000000.0;2.73
BLL;2012-12-31;174100000.0;396300000.0;7507100000.0;1114600000.0;6392500000.0;8735700000.0;2.61
BLL;2013-12-31;416000000.0;406800000.0;7820400000.0;1224600000.0;6595800000.0;8468100000.0;2.79
BLL;2014-12-31;191400000.0;470000000.0;7571000000.0;1033100000.0;6537900000.0;8570000000.0;3.39
BLL;2015-12-31;224000000.0;280900000.0;9777000000.0;1251300000.0;8525700000.0;7997000000.0;2.05
BMY;2012-12-31;1656000000.0;1960000000.0;35897000000.0;13623000000.0;22274000000.0;17621000000.0;1.17
BMY;2013-12-31;3586000000.0;2563000000.0;38592000000.0;15154000000.0;23438000000.0;16385000000.0;1.56
BMY;2014-12-31;5571000000.0;2004000000.0;33749000000.0;14852000000.0;18897000000.0;15879000000.0;1.21
BMY;2015-12-31;2385000000.0;1565000000.0;31748000000.0;14266000000.0;17482000000.0;16560000000.0;0.94
BSX;2012-12-31;207000000.0;-4068000000.0;17154000000.0;6870000000.0;10284000000.0;7249000000.0;-2.89
BSX;2013-12-31;217000000.0;-121000000.0;16571000000.0;6539000000.0;10032000000.0;7143000000.0;-0.09
BSX;2014-12-31;587000000.0;-119000000.0;17024000000.0;6457000000.0;10567000000.0;7380000000.0;-0.09
BSX;2015-12-31;319000000.0;-239000000.0;18133000000.0;6320000000.0;11813000000.0;7477000000.0;-0.18
BWA;2013-12-31;939500000.0;624300000.0;6917000000.0;3560600000.0;3356400000.0;7436600000.0;2.73
BWA;2014-12-31;797800000.0;655800000.0;7228000000.0;3616200000.0;3611800000.0;8305100000.0;2.89
BWA;2015-12-31;577700000.0;609700000.0;8825700000.0;3553700000.0;5272000000.0;8023200000.0;2.72
BWA;2016-12-31;443700000.0;118500000.0;8834700000.0;3218300000.0;5616400000.0;9071000000.0;
BXP;2012-12-31;1041978000.0;289650000.0;15462321000.0;5097065000.0;10254380000.0;1847186000.0;1.93
BXP;2013-12-31;2365137000.0;749811000.0;20176264000.0;5741153000.0;14383799000.0;2135539000.0;4.87
BXP;2014-12-31;1763079000.0;443611000.0;19886767000.0;5697298000.0;14188836000.0;2396998000.0;2.83
BXP;2015-12-31;723718000.0;583106000.0;18379456000.0;5709435000.0;12670021000.0;2490821000.0;3.79
C;2012-12-31;399898000000.0;7541000000.0;1864660000000.0;189049000000.0;1675611000000.0;59581000000.0;2.51
C;2013-12-31;455927000000.0;13659000000.0;1880382000000.0;204339000000.0;1676043000000.0;67997000000.0;4.35
C;2014-12-31;402767000000.0;7310000000.0;1842181000000.0;210185000000.0;1631996000000.0;69606000000.0;2.21
C;2015-12-31;352772000000.0;17242000000.0;1731210000000.0;221857000000.0;1509353000000.0;68024000000.0;5.41
CAG;2013-05-26;183900000.0;773900000.0;20405300000.0;5264400000.0;15140900000.0;13469300000.0;1.88
CAG;2014-05-25;141300000.0;303100000.0;19319500000.0;5258500000.0;14061000000.0;11838200000.0;0.72
CAG;2015-05-31;164700000.0;-252600000.0;17437800000.0;4526000000.0;12911800000.0;11937000000.0;-0.6
CAG;2016-05-29;834500000.0;-677000000.0;13390600000.0;3713600000.0;9677000000.0;11642900000.0;-1.57
CAH;2013-06-30;1901000000.0;334000000.0;25819000000.0;5975000000.0;19844000000.0;101093000000.0;0.98
CAH;2014-06-30;2865000000.0;1166000000.0;26033000000.0;6401000000.0;19632000000.0;91084000000.0;3.42
CAH;2015-06-30;4616000000.0;1215000000.0;30142000000.0;6256000000.0;23886000000.0;102531000000.0;3.66
CAH;2016-06-30;2356000000.0;1427000000.0;34122000000.0;6554000000.0;27568000000.0;121546000000.0;4.36
CAT;2013-12-31;6081000000.0;3789000000.0;84896000000.0;20811000000.0;64085000000.0;55656000000.0;5.87
CAT;2014-12-31;7341000000.0;2452000000.0;84681000000.0;16746000000.0;67935000000.0;55184000000.0;5.99
CAT;2015-12-31;6460000000.0;2512000000.0;78342000000.0;14809000000.0;63533000000.0;47011000000.0;3.54
CAT;2016-12-31;7168000000.0;-67000000.0;74704000000.0;13137000000.0;61567000000.0;38537000000.0;
CB;2012-12-31;615000000.0;2706000000.0;92545000000.0;27531000000.0;65014000000.0;17936000000.0;7.96
CB;2013-12-31;579000000.0;3758000000.0;94510000000.0;28825000000.0;65685000000.0;19261000000.0;11.02
CB;2014-12-31;655000000.0;2853000000.0;98248000000.0;29587000000.0;68661000000.0;19171000000.0;8.5
CB;2015-12-31;1775000000.0;2834000000.0;102366000000.0;29135000000.0;73231000000.0;18987000000.0;8.71
CBG;2012-12-31;1162973000.0;315555000.0;7809542000.0;1539211000.0;6270331000.0;6514099000.0;0.98
CBG;2013-12-31;553067000.0;316538000.0;6998414000.0;1895785000.0;5102629000.0;7184794000.0;0.96
CBG;2014-12-31;768974000.0;484503000.0;7568010000.0;2259830000.0;5308180000.0;9049918000.0;1.47
CBG;2015-12-31;613167000.0;547132000.0;11017943000.0;2712652000.0;8305291000.0;10855810000.0;1.64
CCI;2012-12-31;1017302000.0;188584000.0;16088709000.0;2938746000.0;13149963000.0;2432680000.0;0.64
CCI;2013-12-31;406920000.0;90111000.0;20594908000.0;6926717000.0;13668191000.0;2865751000.0;0.26
CCI;2014-12-31;298723000.0;390513000.0;21143276000.0;6716225000.0;14427051000.0;3538756000.0;1.04
CCI;2015-12-31;309541000.0;1520992000.0;22036245000.0;7089221000.0;14947024000.0;3663851000.0;4.44
CCL;2013-11-30;462000000.0;1055000000.0;40104000000.0;24556000000.0;15548000000.0;15456000000.0;1.39
CCL;2014-11-30;331000000.0;1216000000.0;39448000000.0;24204000000.0;15244000000.0;15884000000.0;1.59
CCL;2015-11-30;1395000000.0;1757000000.0;39237000000.0;23771000000.0;15466000000.0;15714000000.0;2.26
CCL;2016-11-30;603000000.0;2779000000.0;38936000000.0;22597000000.0;16339000000.0;16389000000.0;
CELG;2013-12-31;3234400000.0;1449900000.0;13378200000.0;5589900000.0;7788300000.0;6493900000.0;3.5
CELG;2014-12-31;4121600000.0;1999900000.0;17340100000.0;6524800000.0;10815300000.0;7670400000.0;2.49
CELG;2015-12-31;4880300000.0;1602000000.0;26964400000.0;5919000000.0;21045400000.0;9256000000.0;2.02
CELG;2016-12-31;6169900000.0;1999200000.0;28085600000.0;6599300000.0;21486300000.0;11229200000.0;
CERN;2013-12-28;202377000.0;398354000.0;4098364000.0;3167664000.0;930700000.0;2910748000.0;1.16
CERN;2015-01-03;635203000.0;525433000.0;4530565000.0;3565968000.0;964597000.0;3402703000.0;1.54
CERN;2016-01-02;402122000.0;539362000.0;5561984000.0;3870384000.0;1691600000.0;4425267000.0;1.57
CERN;2016-12-31;170861000.0;636484000.0;5629963000.0;3927947000.0;1702016000.0;4796473000.0;
CF;2012-12-31;2274900000.0;1895700000.0;10166900000.0;5902200000.0;4264700000.0;6104000000.0;28.94
CF;2013-12-31;1864800000.0;1506300000.0;10678100000.0;5076100000.0;5602000000.0;5474700000.0;24.87
CF;2014-12-31;2082700000.0;2183500000.0;11254200000.0;4209700000.0;7044500000.0;4743200000.0;27.16
CF;2015-12-31;308800000.0;664900000.0;12738900000.0;4035200000.0;8703700000.0;4308300000.0;2.97
CFG;2012-12-31;23706000000.0;643000000.0;127053000000.0;24129000000.0;102924000000.0;5513000000.0;
CFG;2013-12-31;24235000000.0;-3426000000.0;122154000000.0;19196000000.0;102958000000.0;5133000000.0;
CFG;2014-12-31;28350000000.0;865000000.0;132857000000.0;19268000000.0;113589000000.0;5342000000.0;1.55
CFG;2015-12-31;27516000000.0;840000000.0;138208000000.0;19646000000.0;118562000000.0;5276000000.0;1.55
CHD;2012-12-31;343000000.0;349800000.0;4098100000.0;2060900000.0;2037200000.0;2921900000.0;2.5
CHD;2013-12-31;496900000.0;394400000.0;4259700000.0;2299900000.0;1959800000.0;3194300000.0;2.85
CHD;2014-12-31;423000000.0;413900000.0;4359200000.0;2101900000.0;2257300000.0;3297600000.0;3.06
CHD;2015-12-31;330000000.0;410400000.0;4256900000.0;2023200000.0;2233700000.0;3394800000.0;3.13
CHK;2012-12-31;398000000.0;-769000000.0;41611000000.0;15569000000.0;23715000000.0;12316000000.0;-1.46
CHK;2013-12-31;912000000.0;724000000.0;41782000000.0;15995000000.0;23642000000.0;19080000000.0;0.73
CHK;2014-12-31;4146000000.0;1917000000.0;40751000000.0;16903000000.0;22546000000.0;23125000000.0;1.93
CHK;2015-12-31;825000000.0;-14685000000.0;17357000000.0;2138000000.0;14960000000.0;12764000000.0;-22.43
CHRW;2012-12-31;210019000.0;593804000.0;2804225000.0;1504372000.0;1299853000.0;11359113000.0;3.68
CHRW;2013-12-31;162047000.0;415904000.0;2802818000.0;939724000.0;1863094000.0;12752076000.0;2.65
CHRW;2014-12-31;488328000.0;449711000.0;3214338000.0;1047015000.0;2167323000.0;13470067000.0;3.06
CHRW;2015-12-31;168229000.0;509699000.0;3184358000.0;1150450000.0;2033908000.0;13476084000.0;3.52
CHTR;2013-12-31;21000000.0;-169000000.0;17295000000.0;151000000.0;17144000000.0;8155000000.0;-1.65
CHTR;2014-12-31;3000000.0;-183000000.0;24388000000.0;146000000.0;24242000000.0;9108000000.0;-1.7
CHTR;2015-12-31;5000000.0;-271000000.0;39316000000.0;-46000000.0;39362000000.0;9754000000.0;-2.43
CHTR;2016-12-31;1535000000.0;3522000000.0;149067000000.0;40139000000.0;108928000000.0;29003000000.0;
CI;2012-12-31;2978000000.0;1623000000.0;53734000000.0;9769000000.0;43965000000.0;29119000000.0;5.7
CI;2013-12-31;2795000000.0;1476000000.0;54336000000.0;10567000000.0;43769000000.0;32380000000.0;5.28
CI;2014-12-31;1420000000.0;2102000000.0;55870000000.0;10774000000.0;45096000000.0;34914000000.0;7.97
CI;2015-12-31;1968000000.0;2094000000.0;57088000000.0;12035000000.0;45053000000.0;37876000000.0;8.17
CINF;2012-12-31;487000000.0;421000000.0;16548000000.0;5453000000.0;11095000000.0;4111000000.0;2.59
CINF;2013-12-31;433000000.0;517000000.0;17662000000.0;6070000000.0;11592000000.0;4531000000.0;3.16
CINF;2014-12-31;591000000.0;525000000.0;18748000000.0;6573000000.0;12175000000.0;4945000000.0;3.21
CINF;2015-12-31;544000000.0;634000000.0;18888000000.0;6427000000.0;12461000000.0;5142000000.0;3.87
CL;2012-12-31;884000000.0;2472000000.0;13394000000.0;2189000000.0;11205000000.0;17085000000.0;5.19
CL;2013-12-31;962000000.0;2241000000.0;13985000000.0;2305000000.0;11680000000.0;17420000000.0;2.41
CL;2014-12-31;1089000000.0;2180000000.0;13459000000.0;1145000000.0;12314000000.0;17277000000.0;2.38
CL;2015-12-31;970000000.0;1384000000.0;11958000000.0;-299000000.0;12257000000.0;16034000000.0;1.53
CLX;2013-06-30;299000000.0;572000000.0;4311000000.0;146000000.0;4165000000.0;5533000000.0;4.37
CLX;2014-06-30;329000000.0;558000000.0;4258000000.0;154000000.0;4104000000.0;5514000000.0;4.31
CLX;2015-06-30;382000000.0;580000000.0;4164000000.0;118000000.0;4046000000.0;5655000000.0;4.45
CLX;2016-06-30;401000000.0;648000000.0;4518000000.0;297000000.0;4221000000.0;5761000000.0;5.01
CMA;2013-12-31;15758000000.0;541000000.0;65224000000.0;7150000000.0;58074000000.0;2666000000.0;2.92
CMA;2014-12-31;16122000000.0;593000000.0;69186000000.0;7402000000.0;61784000000.0;2607000000.0;3.28
CMA;2015-12-31;18647000000.0;521000000.0;71877000000.0;7560000000.0;64317000000.0;2819000000.0;2.93
CMA;2016-12-31;19587000000.0;477000000.0;72978000000.0;7796000000.0;65182000000.0;2960000000.0;
CME;2012-12-31;1604700000.0;896300000.0;38863200000.0;21419100000.0;17444100000.0;2782400000.0;2.71
CME;2013-12-31;2469700000.0;976800000.0;54277800000.0;21154800000.0;33123000000.0;2784900000.0;2.94
CME;2014-12-31;1366100000.0;1127100000.0;72241500000.0;20923500000.0;51318000000.0;2993100000.0;3.37
CME;2015-12-31;1692600000.0;1247000000.0;67371500000.0;20551800000.0;46819700000.0;3209400000.0;3.71
CMG;2013-12-31;323203000.0;327438000.0;2009280000.0;1538288000.0;470992000.0;3214591000.0;10.58
CMG;2014-12-31;419465000.0;445374000.0;2527317000.0;2012369000.0;514948000.0;4108269000.0;14.35
CMG;2015-12-31;248005000.0;475602000.0;2725066000.0;2127974000.0;597092000.0;4501223000.0;15.3
CMG;2016-12-31;87880000.0;22938000.0;2026103000.0;1402493000.0;623610000.0;3904384000.0;
CMI;2013-12-31;2699000000.0;1483000000.0;14728000000.0;7510000000.0;7218000000.0;17301000000.0;7.93
CMI;2014-12-31;2301000000.0;1651000000.0;15764000000.0;7749000000.0;8015000000.0;19221000000.0;9.04
CMI;2015-12-31;1711000000.0;1399000000.0;15134000000.0;7406000000.0;7728000000.0;19110000000.0;7.86
CMI;2016-12-31;1120000000.0;1394000000.0;15011000000.0;6875000000.0;8136000000.0;17509000000.0;
CMS;2013-12-31;204000000.0;465000000.0;17416000000.0;3454000000.0;13925000000.0;6566000000.0;1.71
CMS;2014-12-31;244000000.0;492000000.0;19185000000.0;3670000000.0;15478000000.0;7179000000.0;1.76
CMS;2015-12-31;285000000.0;537000000.0;20299000000.0;3938000000.0;16324000000.0;6456000000.0;1.9
CMS;2016-12-31;254000000.0;564000000.0;21622000000.0;4253000000.0;17332000000.0;6399000000.0;
CNC;2012-12-31;843952000.0;2000000.0;2773905000.0;953056000.0;1820849000.0;8110000000.0;0.04
CNC;2013-12-31;1038000000.0;165000000.0;3529000000.0;1234000000.0;2295000000.0;10863000000.0;2.98
CNC;2014-12-31;1610000000.0;271000000.0;5824000000.0;1744000000.0;4080000000.0;16560000000.0;2.3
CNC;2015-12-31;1760000000.0;355000000.0;7339000000.0;2157000000.0;5182000000.0;22760000000.0;2.99
CNP;2012-12-31;646000000.0;417000000.0;22871000000.0;4301000000.0;18570000000.0;7452000000.0;0.98
CNP;2013-12-31;208000000.0;311000000.0;21870000000.0;4329000000.0;17541000000.0;8106000000.0;0.73
CNP;2014-12-31;298000000.0;611000000.0;23200000000.0;4548000000.0;18652000000.0;9226000000.0;1.42
CNP;2015-12-31;264000000.0;-692000000.0;21334000000.0;3461000000.0;17873000000.0;7386000000.0;-1.61
COF;2012-12-31;75046000000.0;3492000000.0;312918000000.0;40499000000.0;272419000000.0;23771000000.0;6.21
COF;2013-12-31;67223000000.0;4121000000.0;296933000000.0;41632000000.0;255301000000.0;24176000000.0;7.05
COF;2014-12-31;69250000000.0;4428000000.0;308167000000.0;45053000000.0;263114000000.0;23869000000.0;7.71
COF;2015-12-31;71703000000.0;4050000000.0;334048000000.0;47284000000.0;286764000000.0;25038000000.0;7.15
COG;2012-12-31;30736000.0;131730000.0;4616313000.0;2131447000.0;2484866000.0;1204546000.0;0.63
COG;2013-12-31;51494000.0;279773000.0;4981080000.0;2204602000.0;2776478000.0;1746278000.0;0.67
COG;2014-12-31;20954000.0;104468000.0;5437716000.0;2142733000.0;3294983000.0;2173011000.0;0.25
COG;2015-12-31;514000.0;-113891000.0;5261899000.0;2009188000.0;3252711000.0;1357150000.0;-0.28
COL;2013-09-30;391000000.0;632000000.0;5400000000.0;1618000000.0;3782000000.0;4474000000.0;4.63
COL;2014-09-30;323000000.0;604000000.0;7063000000.0;1884000000.0;5179000000.0;4979000000.0;4.47
COL;2015-09-30;252000000.0;686000000.0;7304000000.0;1875000000.0;5429000000.0;5244000000.0;5.19
COL;2016-09-30;340000000.0;728000000.0;7707000000.0;2078000000.0;5629000000.0;5259000000.0;5.58
COO;2013-10-31;77393000.0;296151000.0;3137261000.0;2404535000.0;732726000.0;1587725000.0;6.09
COO;2014-10-31;25222000.0;269856000.0;4458340000.0;2569878000.0;1888462000.0;1717776000.0;5.61
COO;2015-10-31;16426000.0;203523000.0;4459864000.0;2667509000.0;1792355000.0;1797060000.0;
COO;2016-10-31;100817000.0;273917000.0;4475918000.0;2699867000.0;1776051000.0;1966814000.0;5.65
COST;2013-09-01;4644000000.0;2039000000.0;30283000000.0;10833000000.0;19450000000.0;105156000000.0;4.68
COST;2014-08-31;5738000000.0;2058000000.0;33024000000.0;12303000000.0;20721000000.0;112640000000.0;4.69
COST;2015-08-30;4801000000.0;2377000000.0;33017000000.0;10617000000.0;22400000000.0;116199000000.0;5.41
COST;2016-08-28;3379000000.0;2350000000.0;33163000000.0;12079000000.0;21084000000.0;118719000000.0;5.36
COTY;2003-06-30;295000.0;-1289000.0;2705000.0;43000.0;2662000.0;1577000.0;
COTY;2004-06-30;306000.0;-3622000.0;7188000.0;4611000.0;2577000.0;1514000.0;
COTY;2006-02-28;1876000.0;-48913000.0;102946000.0;8869000.0;94077000.0;79562000.0;
COTY;2007-02-28;3303000.0;-103603000.0;216895000.0;-77138000.0;294033000.0;99642000.0;
CPB;2013-07-28;333000000.0;458000000.0;8323000000.0;1217000000.0;7106000000.0;8052000000.0;1.46
CPB;2014-08-03;232000000.0;866000000.0;8113000000.0;1615000000.0;6498000000.0;8268000000.0;2.61
CPB;2015-08-02;253000000.0;666000000.0;8077000000.0;1381000000.0;6696000000.0;8082000000.0;2.21
CPB;2016-07-31;296000000.0;563000000.0;7837000000.0;1525000000.0;6312000000.0;7961000000.0;1.82
CRM;2013-01-31;747245000.0;-270445000.0;5528956000.0;2317633000.0;3211323000.0;3050195000.0;-1.92
CRM;2014-01-31;781635000.0;-232175000.0;9152930000.0;3038510000.0;6114420000.0;4071003000.0;-0.39
CRM;2015-01-31;908117000.0;-262688000.0;10665127000.0;3975183000.0;6689944000.0;5373586000.0;-0.42
CRM;2016-01-31;1158363000.0;-47426000.0;12770772000.0;5002869000.0;7767903000.0;6667216000.0;-0.07
CSCO;2013-07-27;7925000000.0;9983000000.0;101191000000.0;59120000000.0;42071000000.0;48607000000.0;1.87
CSCO;2014-07-26;6726000000.0;7853000000.0;105070000000.0;56654000000.0;48416000000.0;47142000000.0;1.5
CSCO;2015-07-25;6877000000.0;8981000000.0;113373000000.0;59698000000.0;53675000000.0;49161000000.0;1.76
CSCO;2016-07-30;7631000000.0;10739000000.0;121652000000.0;63586000000.0;58066000000.0;49247000000.0;2.13
CSRA;2015-04-03;4979000.0;265835000.0;2161282000.0;1067087000.0;1094195000.0;4069746000.0;
CSRA;2016-04-01;130016000.0;102922000.0;4846300000.0;64546000.0;4781754000.0;4250447000.0;0.54
CSX;2013-12-31;592000000.0;1864000000.0;31782000000.0;10483000000.0;21299000000.0;12026000000.0;
CSX;2014-12-26;669000000.0;1927000000.0;33053000000.0;11152000000.0;21901000000.0;12669000000.0;1.93
CSX;2015-12-25;628000000.0;1968000000.0;34745000000.0;11652000000.0;23093000000.0;11811000000.0;2.0
CSX;2016-12-30;603000000.0;1714000000.0;35414000000.0;11679000000.0;23735000000.0;11069000000.0;
CTAS;2013-05-31;352273000.0;315442000.0;4345632000.0;2201492000.0;2144140000.0;4245964000.0;2.53
CTAS;2014-05-31;513288000.0;374442000.0;4462452000.0;2192858000.0;2269594000.0;4193844000.0;3.08
CTAS;2015-05-31;417073000.0;430618000.0;4192460000.0;1932455000.0;2260005000.0;4476886000.0;3.68
CTAS;2016-05-31;139357000.0;693520000.0;4104393000.0;1842659000.0;2261734000.0;4905458000.0;6.3
CTL;2012-12-31;211000000.0;777000000.0;53940000000.0;19289000000.0;34651000000.0;18376000000.0;1.25
CTL;2013-12-31;168000000.0;-239000000.0;51787000000.0;17191000000.0;34596000000.0;18095000000.0;-0.4
CTL;2014-12-31;128000000.0;772000000.0;49103000000.0;15023000000.0;34080000000.0;18031000000.0;1.36
CTL;2015-12-31;126000000.0;878000000.0;47604000000.0;14060000000.0;33544000000.0;17900000000.0;1.58
CTSH;2012-12-31;1570077000.0;1051263000.0;6521571000.0;4854383000.0;1667188000.0;7346472000.0;3.49
CTSH;2013-12-31;2213006000.0;1228600000.0;8134718000.0;6135791000.0;1998927000.0;8843200000.0;4.07
CTSH;2014-12-31;2010100000.0;1439300000.0;11479000000.0;7740200000.0;3738800000.0;10262700000.0;2.37
CTSH;2015-12-31;2125200000.0;1623600000.0;13065400000.0;9278100000.0;3787300000.0;12416000000.0;2.67
CTXS;2013-12-31;280740000.0;339523000.0;5212249000.0;3319807000.0;1892442000.0;2918434000.0;1.82
CTXS;2014-12-31;260149000.0;251723000.0;5512007000.0;2173645000.0;3338362000.0;3142856000.0;1.48
CTXS;2015-12-31;368518000.0;319361000.0;5467517000.0;1973446000.0;3494071000.0;3275594000.0;2.01
CTXS;2016-12-31;956956000.0;536112000.0;6390227000.0;2608727000.0;3781500000.0;3418265000.0;
CVS;2013-12-31;4089000000.0;4592000000.0;71526000000.0;37938000000.0;33588000000.0;126761000000.0;3.77
CVS;2014-12-31;2481000000.0;4644000000.0;74187000000.0;37958000000.0;36229000000.0;139367000000.0;3.98
CVS;2015-12-31;2459000000.0;5237000000.0;92437000000.0;37196000000.0;55241000000.0;153290000000.0;4.66
CVS;2016-12-31;3371000000.0;5317000000.0;94462000000.0;36830000000.0;57632000000.0;177526000000.0;
CVX;2012-12-31;20939000000.0;26179000000.0;232982000000.0;136524000000.0;96458000000.0;230590000000.0;13.42
CVX;2013-12-31;16245000000.0;21423000000.0;253753000000.0;149113000000.0;104640000000.0;220156000000.0;11.18
CVX;2014-12-31;12785000000.0;19241000000.0;266026000000.0;155028000000.0;110998000000.0;200494000000.0;10.21
CVX;2015-12-31;11022000000.0;4587000000.0;266103000000.0;152716000000.0;113387000000.0;129925000000.0;2.46
CXO;2012-12-31;2880000.0;431689000.0;8589437000.0;3466196000.0;5123241000.0;1819814000.0;4.18
CXO;2013-12-31;21000.0;251003000.0;9591164000.0;3757949000.0;5833215000.0;2319919000.0;2.39
CXO;2014-12-31;21000.0;538175000.0;11751780000.0;5280788000.0;6470992000.0;2660147000.0;4.89
CXO;2015-12-31;228550000.0;65900000.0;12641876000.0;6942551000.0;5699325000.0;1803573000.0;0.54
D;2012-12-31;460000000.0;302000000.0;46838000000.0;10568000000.0;36270000000.0;12835000000.0;0.53
D;2013-12-31;936000000.0;1697000000.0;50096000000.0;11642000000.0;38454000000.0;13120000000.0;2.93
D;2014-12-31;605000000.0;1310000000.0;54327000000.0;11555000000.0;42772000000.0;12436000000.0;2.25
D;2015-12-31;623000000.0;1899000000.0;58797000000.0;12664000000.0;46133000000.0;11683000000.0;3.21
DAL;2013-12-31;3429000000.0;10540000000.0;52252000000.0;11643000000.0;40609000000.0;37773000000.0;12.41
DAL;2014-12-31;3166000000.0;659000000.0;54005000000.0;8813000000.0;45192000000.0;40362000000.0;0.79
DAL;2015-12-31;3959000000.0;4526000000.0;53134000000.0;10850000000.0;42284000000.0;40704000000.0;5.68
DAL;2016-12-31;3155000000.0;4373000000.0;51261000000.0;12287000000.0;38974000000.0;39639000000.0;
DD;2013-12-31;8941000000.0;4848000000.0;51499000000.0;16229000000.0;35270000000.0;28998000000.0;5.22
DD;2014-12-31;6910000000.0;3625000000.0;50490000000.0;13320000000.0;37170000000.0;28406000000.0;3.95
DD;2015-12-31;5300000000.0;1953000000.0;41166000000.0;9993000000.0;31173000000.0;25130000000.0;2.17
DD;2016-12-31;4605000000.0;2513000000.0;39964000000.0;9998000000.0;29966000000.0;24594000000.0;
DE;2013-10-31;3504000000.0;3537300000.0;59521300000.0;10265800000.0;49255500000.0;37795400000.0;9.18
DE;2014-10-31;3787000000.0;3161700000.0;61336400000.0;9062600000.0;52273800000.0;36066900000.0;8.71
DE;2015-10-31;4162200000.0;1940000000.0;57947600000.0;6743400000.0;51204200000.0;28862800000.0;
DE;2016-10-31;4335800000.0;1523900000.0;57981400000.0;6520000000.0;51461400000.0;26644000000.0;0.91
DFS;2012-11-30;10147000000.0;2345000000.0;75283000000.0;9778000000.0;65505000000.0;8984000000.0;4.47
DFS;2013-12-31;11545000000.0;2470000000.0;79340000000.0;10809000000.0;68531000000.0;9370000000.0;4.97
DFS;2014-12-31;11233000000.0;2323000000.0;83126000000.0;11134000000.0;71992000000.0;9611000000.0;4.91
DFS;2015-12-31;12656000000.0;2297000000.0;86936000000.0;11275000000.0;75661000000.0;10002000000.0;5.14
DG;2013-02-01;140809000.0;952662000.0;10367682000.0;4985330000.0;5382352000.0;16022128000.0;2.87
DG;2014-01-31;505566000.0;1025116000.0;10867524000.0;5402193000.0;5465331000.0;17504167000.0;3.17
DG;2015-01-30;579823000.0;1065345000.0;11208642000.0;5710038000.0;5498604000.0;18909588000.0;3.5
DG;2016-01-29;157947000.0;1165080000.0;11257885000.0;5377876000.0;5880009000.0;20368562000.0;3.96
DGX;2012-12-31;296000000.0;556000000.0;9284000000.0;4163000000.0;5121000000.0;7383000000.0;3.49
DGX;2013-12-31;187000000.0;849000000.0;8948000000.0;3948000000.0;5000000000.0;7146000000.0;5.58
DGX;2014-12-31;192000000.0;556000000.0;9857000000.0;4301000000.0;5556000000.0;7435000000.0;3.83
DGX;2015-12-31;133000000.0;709000000.0;9962000000.0;4684000000.0;5278000000.0;7493000000.0;4.92
DHI;2013-09-30;1055200000.0;462700000.0;8856400000.0;4058500000.0;4797900000.0;6259300000.0;1.44
DHI;2014-09-30;671800000.0;533500000.0;10185400000.0;5115800000.0;5069600000.0;8024900000.0;1.57
DHI;2015-09-30;1393500000.0;750700000.0;11151000000.0;5894300000.0;5256700000.0;10824000000.0;2.05
DHI;2016-09-30;1312700000.0;886300000.0;11558900000.0;6792500000.0;4766400000.0;12157400000.0;2.39
DHR;2012-12-31;1678700000.0;2392200000.0;32941000000.0;19016500000.0;13924500000.0;18260400000.0;3.45
DHR;2013-12-31;3115200000.0;2695000000.0;34672200000.0;22385300000.0;12286900000.0;18283100000.0;3.87
DHR;2014-12-31;3005600000.0;2598400000.0;36991700000.0;23378100000.0;13613600000.0;19154000000.0;3.7
DHR;2015-12-31;790800000.0;3357400000.0;48222200000.0;23690300000.0;24531900000.0;20563100000.0;4.81
DIS;2013-09-28;3931000000.0;6136000000.0;81241000000.0;45429000000.0;35812000000.0;45041000000.0;3.42
DIS;2014-09-27;3421000000.0;7501000000.0;84141000000.0;44958000000.0;39183000000.0;48813000000.0;4.31
DIS;2015-10-03;4269000000.0;8382000000.0;88182000000.0;44525000000.0;43657000000.0;52465000000.0;4.95
DIS;2016-10-01;4610000000.0;9391000000.0;92033000000.0;43265000000.0;48768000000.0;55632000000.0;5.76
DISCA;2013-12-31;408000000.0;1075000000.0;14979000000.0;6196000000.0;8783000000.0;5535000000.0;3.01
DISCA;2014-12-31;367000000.0;1139000000.0;15970000000.0;5602000000.0;10368000000.0;6265000000.0;0.38
DISCA;2015-12-31;390000000.0;1034000000.0;15864000000.0;5451000000.0;10413000000.0;6394000000.0;
DISCA;2016-12-31;300000000.0;1194000000.0;15758000000.0;5167000000.0;10591000000.0;6497000000.0;
DISCK;2013-12-31;408000000.0;1075000000.0;14979000000.0;6196000000.0;8783000000.0;5535000000.0;
DISCK;2014-12-31;367000000.0;1139000000.0;15970000000.0;5602000000.0;10368000000.0;6265000000.0;
DISCK;2015-12-31;390000000.0;1034000000.0;15864000000.0;5451000000.0;10413000000.0;6394000000.0;
DISCK;2016-12-31;300000000.0;1194000000.0;15758000000.0;5167000000.0;10591000000.0;6497000000.0;
DLPH;2013-12-31;1393000000.0;1212000000.0;11047000000.0;2911000000.0;8136000000.0;15051000000.0;3.9
DLPH;2014-12-31;860000000.0;1351000000.0;10721000000.0;2510000000.0;8211000000.0;15499000000.0;4.5
DLPH;2015-12-31;536000000.0;1450000000.0;11973000000.0;2250000000.0;9723000000.0;15165000000.0;5.08
DLPH;2016-12-31;839000000.0;1257000000.0;12292000000.0;2401000000.0;9891000000.0;16661000000.0;
DLR;2012-12-31;100331000.0;210334000.0;8819214000.0;3468305000.0;5350909000.0;1279067000.0;1.48
DLR;2013-12-31;97170000.0;314488000.0;9626830000.0;3610516000.0;6016314000.0;1482259000.0;2.12
DLR;2014-12-31;52876000.0;200183000.0;9526784000.0;3878256000.0;5648528000.0;1616438000.0;1.0
DLR;2015-12-31;75062000.0;296689000.0;11451267000.0;4500132000.0;6951135000.0;1763336000.0;1.56
DLTR;2013-02-02;399900000.0;619300000.0;2752000000.0;1667300000.0;1084700000.0;7394500000.0;2.7
DLTR;2014-02-01;267700000.0;596700000.0;2771900000.0;1170700000.0;1601200000.0;7840300000.0;2.74
DLTR;2015-01-31;864100000.0;599200000.0;3492700000.0;1785000000.0;1707700000.0;8602200000.0;2.91
DLTR;2016-01-30;736100000.0;282400000.0;15901200000.0;4406900000.0;11494300000.0;15498400000.0;1.27
DNB;2012-12-31;149100000.0;295500000.0;1991800000.0;-1017400000.0;3009200000.0;1663000000.0;6.47
DNB;2013-12-31;235900000.0;258500000.0;1890300000.0;-1048400000.0;2938700000.0;1558400000.0;6.61
DNB;2014-12-31;316300000.0;294400000.0;1986200000.0;-1203300000.0;3189500000.0;1584500000.0;8.06
DNB;2015-12-31;365700000.0;168800000.0;2273600000.0;-1116800000.0;3390400000.0;1637100000.0;4.68
DOV;2013-12-31;803882000.0;1003129000.0;10855181000.0;5377396000.0;5477785000.0;7155096000.0;5.86
DOV;2014-12-31;681581000.0;775235000.0;9030291000.0;3700725000.0;5329566000.0;7752728000.0;4.65
DOV;2015-12-31;362185000.0;869829000.0;8606076000.0;3644575000.0;4961501000.0;6956311000.0;5.52
DOV;2016-12-31;349146000.0;508892000.0;10115991000.0;3799746000.0;6316245000.0;6794342000.0;
DPS;2013-12-31;153000000.0;624000000.0;8201000000.0;2277000000.0;5924000000.0;5997000000.0;3.08
DPS;2014-12-31;237000000.0;703000000.0;8265000000.0;2294000000.0;5971000000.0;6121000000.0;3.59
DPS;2015-12-31;911000000.0;764000000.0;8869000000.0;2183000000.0;6686000000.0;6282000000.0;4.0
DPS;2016-12-31;1787000000.0;847000000.0;9791000000.0;2134000000.0;7657000000.0;6440000000.0;
DRI;2013-05-26;88200000.0;411900000.0;6936900000.0;2059500000.0;4877400000.0;5921000000.0;3.19
DRI;2014-05-25;98300000.0;286200000.0;7082700000.0;2156900000.0;4925800000.0;6285600000.0;2.18
DRI;2015-05-31;535900000.0;709500000.0;5994700000.0;2333500000.0;3661200000.0;6764000000.0;5.56
DRI;2016-05-29;274800000.0;375000000.0;4582600000.0;1952000000.0;2630600000.0;6933500000.0;2.94
DUK;2012-12-31;1424000000.0;1768000000.0;113856000000.0;40863000000.0;72993000000.0;17912000000.0;0.21
DUK;2013-12-31;1501000000.0;2665000000.0;114779000000.0;41330000000.0;73449000000.0;22756000000.0;3.77
DUK;2014-12-31;2036000000.0;1883000000.0;120557000000.0;40875000000.0;79682000000.0;23925000000.0;2.66
DUK;2015-12-31;857000000.0;2816000000.0;121156000000.0;39727000000.0;81429000000.0;23459000000.0;4.05
DVA;2012-12-31;533748000.0;536017000.0;16014633000.0;3763137000.0;12251496000.0;8186280000.0;5.58
DVA;2013-12-31;946249000.0;633446000.0;17098877000.0;4432479000.0;12666398000.0;11764050000.0;3.02
DVA;2014-12-31;965241000.0;723114000.0;17617432000.0;5170513000.0;12446919000.0;12795106000.0;3.41
DVA;2015-12-31;1499116000.0;269732000.0;18514875000.0;4870780000.0;13644095000.0;13781837000.0;1.27
DVN;2013-12-31;6066000000.0;-20000000.0;42877000000.0;20499000000.0;22378000000.0;10397000000.0;-0.06
DVN;2014-12-31;1480000000.0;1607000000.0;50637000000.0;21539000000.0;29098000000.0;20638000000.0;3.93
DVN;2015-12-31;2310000000.0;-14454000000.0;29451000000.0;7049000000.0;22402000000.0;13145000000.0;-35.55
DVN;2016-12-31;1959000000.0;-3302000000.0;25913000000.0;5927000000.0;19986000000.0;12197000000.0;
EA;2013-03-31;1292000000.0;98000000.0;5070000000.0;2267000000.0;2803000000.0;3797000000.0;0.32
EA;2014-03-31;1782000000.0;8000000.0;5716000000.0;2422000000.0;3294000000.0;3575000000.0;0.03
EA;2015-03-31;2068000000.0;875000000.0;6147000000.0;3036000000.0;3111000000.0;4515000000.0;2.81
EA;2016-03-31;2493000000.0;1156000000.0;7050000000.0;3396000000.0;3654000000.0;4396000000.0;3.73
EBAY;2013-12-31;4494000000.0;2856000000.0;41488000000.0;23647000000.0;17841000000.0;8257000000.0;2.2
EBAY;2014-12-31;4105000000.0;46000000.0;45132000000.0;19906000000.0;25226000000.0;8790000000.0;0.04
EBAY;2015-12-31;1832000000.0;1725000000.0;17755000000.0;6576000000.0;11179000000.0;8592000000.0;1.43
EBAY;2016-12-31;1816000000.0;7266000000.0;23847000000.0;10539000000.0;13308000000.0;8979000000.0;
ECL;2012-12-31;1157800000.0;703600000.0;17572300000.0;6077000000.0;11495300000.0;11838700000.0;2.41
ECL;2013-12-31;339200000.0;967800000.0;19636500000.0;7344300000.0;12292200000.0;13253400000.0;3.23
ECL;2014-12-31;209600000.0;1202800000.0;19427400000.0;7315900000.0;12111500000.0;14280500000.0;4.01
ECL;2015-12-31;92800000.0;1002100000.0;18641700000.0;6909900000.0;11731800000.0;13545100000.0;3.38
ED;2013-12-31;674000000.0;1062000000.0;40647000000.0;12245000000.0;28402000000.0;12354000000.0;3.62
ED;2014-12-31;699000000.0;1092000000.0;44071000000.0;12576000000.0;31495000000.0;12919000000.0;3.73
ED;2015-12-31;944000000.0;1193000000.0;45642000000.0;13052000000.0;32590000000.0;12554000000.0;4.07
ED;2016-12-31;776000000.0;1245000000.0;48255000000.0;14298000000.0;33957000000.0;12075000000.0;
EFX;2012-12-31;146800000.0;272100000.0;4520100000.0;1933200000.0;2586900000.0;2073000000.0;2.27
EFX;2013-12-31;235900000.0;351800000.0;4539900000.0;2300700000.0;2239200000.0;2303900000.0;2.9
EFX;2014-12-31;128300000.0;367400000.0;4661000000.0;2200100000.0;2460900000.0;2436400000.0;3.03
EFX;2015-12-31;93300000.0;429100000.0;4509000000.0;2310900000.0;2198100000.0;2663600000.0;3.61
EIX;2012-12-31;170000000.0;-92000000.0;44394000000.0;9432000000.0;34962000000.0;11862000000.0;-0.56
EIX;2013-12-31;146000000.0;1015000000.0;46646000000.0;9938000000.0;36708000000.0;12581000000.0;2.81
EIX;2014-12-31;132000000.0;1721000000.0;49734000000.0;10960000000.0;38774000000.0;13413000000.0;4.95
EIX;2015-12-31;161000000.0;1117000000.0;50310000000.0;11368000000.0;38942000000.0;11524000000.0;3.13
EL;2013-06-30;1495700000.0;1019800000.0;7145200000.0;3286900000.0;3843300000.0;10181700000.0;2.63
EL;2014-06-30;1629100000.0;1204100000.0;7868800000.0;3854900000.0;3999400000.0;10968800000.0;3.12
EL;2015-06-30;1021400000.0;1088900000.0;8226900000.0;3643200000.0;4572600000.0;10780400000.0;2.87
EL;2016-06-30;914100000.0;1114600000.0;9223300000.0;3571900000.0;5636000000.0;11262300000.0;3.01
EMN;2012-12-31;249000000.0;437000000.0;11710000000.0;2943000000.0;8767000000.0;8102000000.0;3.0
EMN;2013-12-31;237000000.0;1165000000.0;11845000000.0;3796000000.0;8049000000.0;9350000000.0;7.57
EMN;2014-12-31;214000000.0;751000000.0;16072000000.0;3510000000.0;12562000000.0;9527000000.0;5.03
EMN;2015-12-31;293000000.0;848000000.0;15611000000.0;3941000000.0;11670000000.0;9648000000.0;5.71
EMR;2013-09-30;3275000000.0;2004000000.0;24711000000.0;10585000000.0;14126000000.0;24669000000.0;2.78
EMR;2014-09-30;3149000000.0;2184000000.0;24177000000.0;10119000000.0;14058000000.0;17733000000.0;3.05
EMR;2015-09-30;3054000000.0;2733000000.0;22088000000.0;8081000000.0;14007000000.0;16249000000.0;4.01
EMR;2016-09-30;3182000000.0;1664000000.0;21743000000.0;7568000000.0;14175000000.0;14522000000.0;2.53
EOG;2012-12-31;876435000.0;570279000.0;27336578000.0;13284764000.0;14051814000.0;11682636000.0;2.13
EOG;2013-12-31;1318209000.0;2197109000.0;30574238000.0;15418459000.0;15155779000.0;14487118000.0;8.13
EOG;2014-12-31;2087213000.0;2915487000.0;34762687000.0;17712582000.0;17050105000.0;18035340000.0;5.36
EOG;2015-12-31;718506000.0;-4524515000.0;26975244000.0;12943035000.0;14032209000.0;8757428000.0;-8.29
EQIX;2012-12-31;252213000.0;140028000.0;6135797000.0;2313441000.0;3822356000.0;1887376000.0;3.01
EQIX;2013-12-31;261894000.0;94685000.0;7492359000.0;2459064000.0;5033295000.0;2152766000.0;1.92
EQIX;2014-12-31;613974000.0;-259547000.0;7781978000.0;2270131000.0;5511847000.0;2443776000.0;-4.96
EQIX;2015-12-31;2708255000.0;187774000.0;10356695000.0;2745386000.0;7611309000.0;2725867000.0;3.25
EQR;2012-12-31;863032000.0;841719000.0;17201000000.0;7289813000.0;9911187000.0;1747502000.0;2.729
EQR;2013-12-31;157101000.0;1830613000.0;22834545000.0;10507201000.0;12327344000.0;2387702000.0;5.155
EQR;2014-12-31;112383000.0;631308000.0;22950614000.0;10368456000.0;12582158000.0;2614748000.0;1.736
EQR;2015-12-31;98169000.0;870120000.0;23157328000.0;10470368000.0;12686960000.0;2744965000.0;2.37
EQT;2013-12-31;845641000.0;390572000.0;9792053000.0;4034788000.0;5757265000.0;1859177000.0;2.59
EQT;2014-12-31;1077429000.0;386965000.0;12035353000.0;4582815000.0;7452538000.0;2388768000.0;2.55
EQT;2015-12-31;1601232000.0;85171000.0;13976172000.0;5077791000.0;8898381000.0;1954000000.0;0.56
EQT;2016-12-31;1103540000.0;-452983000.0;15472922000.0;5860281000.0;9612641000.0;1857339000.0;
ES;2012-12-31;45748000.0;525945000.0;28302824000.0;9237050000.0;19065774000.0;6273787000.0;1.9
ES;2013-12-31;43364000.0;786007000.0;27795537000.0;9611528000.0;18184009000.0;7301204000.0;2.49
ES;2014-12-31;38703000.0;819546000.0;29740387000.0;9976815000.0;19763572000.0;7741856000.0;2.59
ES;2015-12-31;23947000.0;878485000.0;30580309000.0;10352215000.0;20228094000.0;7954827000.0;2.77
ESS;2012-12-31;42126000.0;125284000.0;4847223000.0;1764804000.0;3082419000.0;535153000.0;3.42
ESS;2013-12-31;53766000.0;156283000.0;5186839000.0;1884619000.0;3302220000.0;610590000.0;4.06
ESS;2014-12-31;95749000.0;122150000.0;11526732000.0;6022672000.0;5504060000.0;970938000.0;
ESS;2015-12-31;123055000.0;232120000.0;12005091000.0;6237733000.0;5767358000.0;1194407000.0;3.5
ETFC;2012-12-31;3138392000.0;-113000000.0;47386739000.0;4904470000.0;42482269000.0;1365000000.0;-0.39
ETFC;2013-12-31;2904000000.0;86000000.0;46280000000.0;4856000000.0;41424000000.0;1466000000.0;0.3
ETFC;2014-12-31;2338000000.0;293000000.0;45530000000.0;5375000000.0;40155000000.0;1665000000.0;1.02
ETFC;2015-12-31;3290000000.0;268000000.0;45427000000.0;5799000000.0;39628000000.0;1403000000.0;0.92
ETN;2012-12-31;577000000.0;1217000000.0;35810000000.0;15113000000.0;20632000000.0;16311000000.0;3.54
ETN;2013-12-31;915000000.0;1861000000.0;35491000000.0;16791000000.0;18628000000.0;22046000000.0;3.93
ETN;2014-12-31;781000000.0;1793000000.0;33529000000.0;15786000000.0;17690000000.0;22552000000.0;3.78
ETN;2015-12-31;268000000.0;1979000000.0;31031000000.0;15186000000.0;15800000000.0;20855000000.0;4.25
ETR;2012-12-31;532569000.0;868363000.0;43202502000.0;9291089000.0;33911413000.0;10302079000.0;4.77
ETR;2013-12-31;739126000.0;730572000.0;43406446000.0;9726466000.0;33679980000.0;11390947000.0;3.99
ETR;2014-12-31;1422026000.0;960257000.0;46414455000.0;10101725000.0;36312730000.0;12494921000.0;5.24
ETR;2015-12-31;1350961000.0;-156734000.0;44647681000.0;9256791000.0;35390890000.0;11513251000.0;-0.99
EW;2012-12-31;310900000.0;291500000.0;2221500000.0;1479300000.0;742200000.0;1899600000.0;2.55
EW;2013-12-31;420400000.0;389100000.0;2709900000.0;1544400000.0;1165500000.0;2045500000.0;3.51
EW;2014-12-31;653800000.0;811100000.0;3523000000.0;2191400000.0;1331600000.0;2322900000.0;7.62
EW;2015-12-31;718400000.0;494900000.0;4059300000.0;2503100000.0;1556200000.0;2493700000.0;2.3
EXC;2013-12-31;1776000000.0;1729000000.0;79924000000.0;22925000000.0;56999000000.0;24888000000.0;0.6
EXC;2014-12-31;2149000000.0;1603000000.0;86416000000.0;22801000000.0;63615000000.0;27429000000.0;
EXC;2015-12-31;6707000000.0;2269000000.0;95384000000.0;25986000000.0;69398000000.0;29447000000.0;
EXC;2016-12-31;888000000.0;1134000000.0;114904000000.0;25837000000.0;89067000000.0;31360000000.0;
EXPD;2012-12-31;1260842000.0;333360000.0;2954125000.0;2027699000.0;926426000.0;5992215000.0;1.58
EXPD;2013-12-31;1247652000.0;348526000.0;3014812000.0;2084783000.0;930029000.0;6080257000.0;1.69
EXPD;2014-12-31;927107000.0;376888000.0;2890905000.0;1868408000.0;1022497000.0;6564721000.0;1.92
EXPD;2015-12-31;807796000.0;457223000.0;2582438000.0;1691993000.0;890445000.0;6616632000.0;2.42
EXPE;2013-12-31;1047075000.0;232850000.0;7739481000.0;2145464000.0;5594017000.0;4771259000.0;1.73
EXPE;2014-12-31;1437588000.0;398097000.0;9020538000.0;1784267000.0;7236271000.0;5763485000.0;3.09
EXPE;2015-12-31;1687623000.0;764465000.0;15485675000.0;4864394000.0;10621281000.0;6672317000.0;5.87
EXPE;2016-12-31;1815544000.0;281848000.0;15777546000.0;4132301000.0;11645245000.0;8773564000.0;
EXR;2012-12-31;47761000.0;208922000.0;3223477000.0;1491807000.0;1731670000.0;409396000.0;1.15
EXR;2013-12-31;148174000.0;309931000.0;3977140000.0;1758470000.0;2218670000.0;520613000.0;1.54
EXR;2014-12-31;72908000.0;367258000.0;4381987000.0;1737425000.0;2644562000.0;647155000.0;1.54
EXR;2015-12-31;106537000.0;394950000.0;6071407000.0;2089077000.0;3982330000.0;782270000.0;1.58
F;2013-12-31;14468000000.0;11953000000.0;202179000000.0;26112000000.0;176067000000.0;146917000000.0;1.82
F;2014-12-31;10757000000.0;1231000000.0;208615000000.0;24438000000.0;184177000000.0;144077000000.0;0.81
F;2015-12-31;14272000000.0;7373000000.0;224925000000.0;28642000000.0;196283000000.0;149558000000.0;1.86
F;2016-12-31;15905000000.0;4596000000.0;237951000000.0;29170000000.0;208781000000.0;151800000000.0;
FAST;2013-12-31;58506000.0;448636000.0;2075784000.0;1772697000.0;303087000.0;3326106000.0;1.51
FAST;2014-12-31;114496000.0;494150000.0;2359102000.0;1915217000.0;443885000.0;3733507000.0;1.67
FAST;2015-12-31;129019000.0;516361000.0;2532462000.0;1801289000.0;731173000.0;3869187000.0;1.77
FAST;2016-12-31;112735000.0;499478000.0;2668884000.0;1933094000.0;735790000.0;3962036000.0;
FB;2013-12-31;3323000000.0;1491000000.0;17895000000.0;15470000000.0;2425000000.0;7872000000.0;0.62
FB;2014-12-31;4315000000.0;2925000000.0;39966000000.0;36096000000.0;3870000000.0;12466000000.0;1.12
FB;2015-12-31;4907000000.0;3669000000.0;49407000000.0;44218000000.0;5189000000.0;17928000000.0;1.31
FB;2016-12-31;8903000000.0;10188000000.0;64961000000.0;59194000000.0;5767000000.0;27638000000.0;
FBHS;2012-12-31;336000000.0;118700000.0;3873900000.0;2381100000.0;1492800000.0;3134800000.0;0.74
FBHS;2013-12-31;241400000.0;229700000.0;4178100000.0;2649400000.0;1528700000.0;3703600000.0;1.39
FBHS;2014-12-31;191900000.0;158100000.0;4052900000.0;2259500000.0;1793400000.0;4013600000.0;0.98
FBHS;2015-12-31;238500000.0;315000000.0;4878600000.0;2450900000.0;2427700000.0;4579400000.0;1.97
FCX;2012-12-31;3705000000.0;3100000000.0;35440000000.0;17543000000.0;17897000000.0;18010000000.0;3.2
FCX;2013-12-31;1985000000.0;2680000000.0;63473000000.0;20934000000.0;42539000000.0;20921000000.0;2.65
FCX;2014-12-31;464000000.0;-551000000.0;58674000000.0;18287000000.0;40387000000.0;21438000000.0;-1.26
FCX;2015-12-31;224000000.0;-12156000000.0;46577000000.0;7828000000.0;38749000000.0;15877000000.0;-11.31
FDX;2013-05-31;4917000000.0;2716000000.0;33567000000.0;17398000000.0;16169000000.0;44287000000.0;4.95
FDX;2014-05-31;2908000000.0;2324000000.0;33070000000.0;15277000000.0;17793000000.0;45567000000.0;6.82
FDX;2015-05-31;3763000000.0;1050000000.0;36531000000.0;14993000000.0;21538000000.0;47453000000.0;3.7
FDX;2016-05-31;3534000000.0;1820000000.0;46064000000.0;13784000000.0;32280000000.0;50365000000.0;6.59
FE;2012-12-31;172000000.0;770000000.0;50494000000.0;13084000000.0;37410000000.0;15255000000.0;1.85
FE;2013-12-31;218000000.0;392000000.0;50424000000.0;12692000000.0;37732000000.0;14892000000.0;0.94
FE;2014-12-31;85000000.0;299000000.0;51648000000.0;12420000000.0;39228000000.0;15049000000.0;
FE;2015-12-31;131000000.0;578000000.0;52187000000.0;12421000000.0;39766000000.0;15026000000.0;1.37
FFIV;2013-09-30;189693000.0;277314000.0;2230554000.0;1538712000.0;691842000.0;1481314000.0;3.53
FFIV;2014-09-30;281502000.0;311183000.0;2184950000.0;1369310000.0;815640000.0;1732046000.0;4.13
FFIV;2015-09-30;390460000.0;365014000.0;2312290000.0;1316728000.0;995562000.0;1919823000.0;5.07
FFIV;2016-09-30;514571000.0;365855000.0;2306323000.0;1185262000.0;1121061000.0;1995034000.0;5.43
FIS;2012-12-31;517600000.0;481100000.0;13549700000.0;6640900000.0;6908800000.0;5795800000.0;1.58
FIS;2013-12-31;547500000.0;517700000.0;13960100000.0;6580500000.0;7379600000.0;6063400000.0;1.7
FIS;2014-12-31;492800000.0;706900000.0;14520500000.0;6556700000.0;7963800000.0;6413800000.0;2.38
FIS;2015-12-31;687600000.0;650800000.0;26268800000.0;9321000000.0;16947800000.0;6595200000.0;2.22
FISV;2012-12-31;358000000.0;611000000.0;8497000000.0;3417000000.0;5080000000.0;4436000000.0;4.5
FISV;2013-12-31;400000000.0;648000000.0;9513000000.0;3585000000.0;5928000000.0;4814000000.0;2.47
FISV;2014-12-31;294000000.0;754000000.0;9308000000.0;3295000000.0;6013000000.0;5066000000.0;3.03
FISV;2015-12-31;275000000.0;712000000.0;9340000000.0;2660000000.0;6680000000.0;5254000000.0;3.04
FL;2013-02-02;880000000.0;397000000.0;3367000000.0;2377000000.0;990000000.0;6182000000.0;2.62
FL;2014-02-01;858000000.0;429000000.0;3487000000.0;2496000000.0;991000000.0;6505000000.0;2.89
FL;2015-01-31;967000000.0;520000000.0;3577000000.0;2496000000.0;1081000000.0;7151000000.0;3.61
FL;2016-01-30;1021000000.0;541000000.0;3775000000.0;2553000000.0;1222000000.0;7412000000.0;3.89
FLIR;2012-12-31;321739000.0;222398000.0;2190655000.0;1599901000.0;590754000.0;1405358000.0;1.47
FLIR;2013-12-31;542476000.0;177015000.0;2343359000.0;1613380000.0;729979000.0;1496372000.0;1.24
FLIR;2014-12-31;531374000.0;200261000.0;2349311000.0;1609773000.0;739538000.0;1530654000.0;1.42
FLIR;2015-12-31;472785000.0;241686000.0;2406400000.0;1649515000.0;756885000.0;1557067000.0;1.73
FLR;2013-12-31;2283582000.0;667711000.0;8323850000.0;3756987000.0;4566863000.0;27351573000.0;4.11
FLR;2014-12-31;1993125000.0;510909000.0;8194429000.0;3110871000.0;5083558000.0;21531577000.0;3.24
FLR;2015-12-31;1949886000.0;412512000.0;7625406000.0;2997347000.0;4628059000.0;18114048000.0;2.85
FLR;2016-12-31;1850436000.0;281401000.0;9216417000.0;3125191000.0;6091226000.0;19036525000.0;
FLS;2013-12-31;363804000.0;485530000.0;5036733000.0;1870379000.0;3166354000.0;4954619000.0;3.43
FLS;2014-12-31;450350000.0;518824000.0;4968020000.0;1931562000.0;3036458000.0;4877885000.0;3.79
FLS;2015-12-31;366444000.0;267669000.0;4980657000.0;1666477000.0;3314180000.0;4561030000.0;2.01
FLS;2016-12-31;367162000.0;145060000.0;4742762000.0;1648234000.0;3094528000.0;3991462000.0;
FMC;2012-12-31;77100000.0;416200000.0;4373900000.0;1480300000.0;2893600000.0;3409900000.0;3.01
FMC;2013-12-31;123200000.0;293900000.0;5235200000.0;1519800000.0;3715400000.0;3130700000.0;2.16
FMC;2014-12-31;109500000.0;307500000.0;5326000000.0;1530500000.0;3795500000.0;3258700000.0;2.3
FMC;2015-12-31;78600000.0;489000000.0;6325900000.0;1865700000.0;4460200000.0;3276500000.0;3.66
FRT;2013-12-31;88927000.0;162681000.0;4219294000.0;1448160000.0;2771134000.0;637413000.0;2.47
FRT;2014-12-31;47951000.0;164535000.0;4546870000.0;1604401000.0;2942469000.0;686090000.0;2.42
FRT;2015-12-31;21046000.0;210219000.0;4896559000.0;1663749000.0;3232810000.0;744012000.0;3.04
FRT;2016-12-31;23368000.0;249910000.0;5423279000.0;1976733000.0;3446546000.0;801591000.0;
FSLR;2012-12-31;901294000.0;-96338000.0;6348692000.0;3605526000.0;2743166000.0;3368545000.0;-1.11
FSLR;2013-12-31;1325072000.0;350718000.0;6883502000.0;4503117000.0;2380385000.0;3309616000.0;3.77
FSLR;2014-12-31;1482054000.0;395964000.0;6720991000.0;4991487000.0;1729504000.0;3391187000.0;3.97
FSLR;2015-12-31;1126826000.0;546421000.0;7316331000.0;5548487000.0;1767844000.0;3578995000.0;5.42
FTR;2012-12-31;1341940000.0;46273000.0;17733631000.0;4107596000.0;13626035000.0;5011853000.0;0.14
FTR;2013-12-31;880039000.0;-47000000.0;16635484000.0;4055481000.0;12580003000.0;4762000000.0;0.11
FTR;2014-12-31;682000000.0;133000000.0;18810000000.0;3658000000.0;15152000000.0;4772000000.0;0.13
FTR;2015-12-31;9380000000.0;-196000000.0;27084000000.0;5614000000.0;21470000000.0;5576000000.0;-0.29
GD;2013-12-31;5301000000.0;2357000000.0;35494000000.0;14501000000.0;20993000000.0;30930000000.0;6.72
GD;2014-12-31;4388000000.0;2533000000.0;35337000000.0;11829000000.0;23508000000.0;30852000000.0;7.56
GD;2015-12-31;2785000000.0;2965000000.0;31997000000.0;10738000000.0;21259000000.0;31469000000.0;9.23
GD;2016-12-31;2334000000.0;2955000000.0;32872000000.0;10976000000.0;21896000000.0;31353000000.0;
GGP;2012-12-31;624815000.0;-481233000.0;27282405000.0;7621698000.0;19660707000.0;2426301000.0;
GGP;2013-12-31;577271000.0;302528000.0;25762303000.0;8103121000.0;17659182000.0;2486017000.0;
GGP;2014-12-31;372471000.0;665850000.0;25281632000.0;7605919000.0;17675713000.0;2535559000.0;
GGP;2015-12-31;356895000.0;1374561000.0;24073555000.0;8270043000.0;15803512000.0;2403906000.0;
GILD;2012-12-31;1803694000.0;2592000000.0;21239838000.0;9302592000.0;11937246000.0;9702000000.0;1.71
GILD;2013-12-31;2113000000.0;3075000000.0;22579000000.0;11370000000.0;11209000000.0;11202000000.0;2.01
GILD;2014-12-31;10027000000.0;12101000000.0;34664000000.0;15426000000.0;19238000000.0;24890000000.0;7.95
GILD;2015-12-31;12851000000.0;18108000000.0;51839000000.0;18534000000.0;33305000000.0;32639000000.0;12.37
GIS;2013-05-26;741400000.0;1855200000.0;22658000000.0;6672200000.0;15985800000.0;17774100000.0;2.86
GIS;2014-05-25;867300000.0;1824400000.0;23145700000.0;6534800000.0;16610900000.0;17909600000.0;2.9
GIS;2015-05-31;334200000.0;1221300000.0;21832000000.0;4996700000.0;16835300000.0;17630300000.0;2.02
GIS;2016-05-29;763700000.0;1697400000.0;21712300000.0;4930200000.0;16782100000.0;16563100000.0;2.83
GLW;2013-12-31;4704000000.0;1961000000.0;28478000000.0;21162000000.0;7316000000.0;7819000000.0;1.35
GLW;2014-12-31;5309000000.0;2472000000.0;30063000000.0;21579000000.0;8484000000.0;9715000000.0;1.82
GLW;2015-12-31;4500000000.0;1339000000.0;28527000000.0;18788000000.0;9739000000.0;9111000000.0;1.02
GLW;2016-12-31;5291000000.0;3695000000.0;27899000000.0;17893000000.0;10006000000.0;9390000000.0;
GM;2013-12-31;21268000000.0;5346000000.0;166344000000.0;42607000000.0;123737000000.0;155427000000.0;2.71
GM;2014-12-31;20292000000.0;3949000000.0;177501000000.0;35457000000.0;142044000000.0;155929000000.0;1.75
GM;2015-12-31;15238000000.0;9687000000.0;194338000000.0;39871000000.0;154467000000.0;152356000000.0;6.11
GM;2016-12-31;12960000000.0;9427000000.0;221690000000.0;43836000000.0;177854000000.0;166380000000.0;
GPC;2012-12-31;403095000.0;648041000.0;6807061000.0;2997887000.0;3809174000.0;13013868000.0;4.17
GPC;2013-12-31;196893000.0;684959000.0;7680297000.0;3349074000.0;4331223000.0;14077843000.0;4.43
GPC;2014-12-31;137730000.0;711286000.0;8246238000.0;3301248000.0;4944990000.0;15341647000.0;4.64
GPC;2015-12-31;211631000.0;705672000.0;8144771000.0;3146567000.0;4998204000.0;15280044000.0;4.65
GPN;2013-05-31;680470000.0;216125000.0;3125056000.0;1146085000.0;1978971000.0;2375923000.0;2.78
GPN;2014-05-31;581872000.0;245286000.0;4018650000.0;997227000.0;3021423000.0;2554236000.0;3.4
GPN;2015-05-31;650739000.0;278040000.0;5779301000.0;757976000.0;5021325000.0;2773718000.0;4.15
GPN;2016-05-31;1044728000.0;271666000.0;10509952000.0;2746476000.0;7763476000.0;2898150000.0;2.05
GPS;2013-02-02;1460000000.0;1135000000.0;7470000000.0;2894000000.0;4576000000.0;15651000000.0;2.35
GPS;2014-02-01;1510000000.0;1280000000.0;7849000000.0;3062000000.0;4787000000.0;16148000000.0;2.78
GPS;2015-01-31;1515000000.0;1262000000.0;7690000000.0;2983000000.0;4707000000.0;16435000000.0;2.9
GPS;2016-01-30;1370000000.0;920000000.0;7473000000.0;2545000000.0;4928000000.0;15797000000.0;2.24
GRMN;2012-12-29;1231180000.0;542403000.0;4819124000.0;3531796000.0;1287328000.0;2715675000.0;2.78
GRMN;2013-12-28;1179149000.0;612412000.0;4879603000.0;3659706000.0;1219897000.0;2631851000.0;3.13
GRMN;2014-12-27;1196268000.0;364211000.0;4693303000.0;3403367000.0;1289936000.0;2870658000.0;1.89
GRMN;2015-12-26;833070000.0;456227000.0;4499391000.0;3345126000.0;1154265000.0;2820270000.0;2.39
GT;2013-12-31;2996000000.0;629000000.0;17527000000.0;1606000000.0;15921000000.0;19540000000.0;2.44
GT;2014-12-31;2161000000.0;2452000000.0;18044000000.0;3610000000.0;14434000000.0;18138000000.0;9.13
GT;2015-12-31;1476000000.0;307000000.0;16391000000.0;3920000000.0;12471000000.0;16443000000.0;1.14
GT;2016-12-31;1132000000.0;1264000000.0;16511000000.0;4507000000.0;12004000000.0;15158000000.0;
GWW;2012-12-31;452063000.0;689881000.0;5014598000.0;3023912000.0;1990686000.0;8950045000.0;9.71
GWW;2013-12-31;430644000.0;797036000.0;5266328000.0;3250438000.0;2015890000.0;9437758000.0;11.31
GWW;2014-12-31;226644000.0;801729000.0;5283049000.0;3209872000.0;2073177000.0;9964953000.0;11.59
GWW;2015-12-31;290136000.0;768996000.0;5857755000.0;2266634000.0;3591121000.0;9973384000.0;11.69
HAL;2013-12-31;2356000000.0;2125000000.0;29223000000.0;13581000000.0;15642000000.0;29402000000.0;2.37
HAL;2014-12-31;2291000000.0;3500000000.0;32165000000.0;16267000000.0;15898000000.0;32870000000.0;4.13
HAL;2015-12-31;10077000000.0;-671000000.0;36942000000.0;15462000000.0;21480000000.0;23633000000.0;-0.79
HAL;2016-12-31;4009000000.0;-5763000000.0;27000000000.0;9409000000.0;17591000000.0;15887000000.0;
HAR;2013-06-30;454258000.0;142407000.0;3235685000.0;1644871000.0;1590814000.0;4297842000.0;
HAR;2014-06-30;581312000.0;234692000.0;4125590000.0;1792578000.0;2333012000.0;5348483000.0;
HAR;2015-06-30;649513000.0;342680000.0;5865900000.0;2374613000.0;3491287000.0;6155297000.0;
HAR;2016-06-30;602300000.0;361734000.0;6054042000.0;2452473000.0;3601569000.0;6911676000.0;
HAS;2012-12-31;849701000.0;335999000.0;4325387000.0;1507379000.0;2818008000.0;4088983000.0;
HAS;2013-12-29;682449000.0;286198000.0;4402267000.0;1682343000.0;2719924000.0;4082157000.0;2.2
HAS;2014-12-28;893167000.0;415930000.0;4518100000.0;1465664000.0;3052436000.0;4277207000.0;3.24
HAS;2015-12-27;976750000.0;451838000.0;4720717000.0;1663902000.0;3056815000.0;4447509000.0;3.61
HBAN;2012-12-31;10734983000.0;631290000.0;56153185000.0;5790211000.0;50362974000.0;3036584000.0;0.71
HBAN;2013-12-31;12239168000.0;641282000.0;59467174000.0;6090153000.0;53377021000.0;2872833000.0;0.73
HBAN;2014-12-31;14091890000.0;632392000.0;66298010000.0;6328170000.0;59969840000.0;2955641000.0;0.73
HBAN;2015-12-31;15871022000.0;692957000.0;71044551000.0;6594606000.0;64449945000.0;3153251000.0;0.82
HBI;2013-12-28;115863000.0;330494000.0;4090048000.0;1230623000.0;2859425000.0;4627802000.0;3.31
HBI;2015-01-03;239855000.0;404519000.0;5208193000.0;1386772000.0;3821421000.0;5324746000.0;4.02
HBI;2016-01-02;319169000.0;428855000.0;5597590000.0;1275891000.0;4321699000.0;5731549000.0;1.07
HBI;2016-12-31;460245000.0;539382000.0;6907734000.0;1223914000.0;5683820000.0;6028199000.0;
HCA;2012-12-31;705000000.0;1605000000.0;28075000000.0;-9660000000.0;37735000000.0;33013000000.0;3.65
HCA;2013-12-31;414000000.0;1556000000.0;28831000000.0;-8270000000.0;37101000000.0;34182000000.0;3.5
HCA;2014-12-31;566000000.0;1875000000.0;30980000000.0;-7894000000.0;38874000000.0;36918000000.0;4.3
HCA;2015-12-31;741000000.0;2129000000.0;32744000000.0;-7599000000.0;40343000000.0;39678000000.0;5.14
HCN;2012-12-31;1141421000.0;298030000.0;19549109000.0;10294801000.0;9254308000.0;1765979000.0;0.99
HCN;2013-12-31;231601000.0;145959000.0;23083957000.0;11414583000.0;11669374000.0;2847945000.0;0.28
HCN;2014-12-31;553423000.0;502595000.0;24962923000.0;13175153000.0;11787770000.0;3305879000.0;1.46
HCN;2015-12-31;422690000.0;849073000.0;29023845000.0;14590560000.0;14433285000.0;3775685000.0;2.35
HCP;2013-12-31;337785000.0;970837000.0;20075870000.0;10723300000.0;9352570000.0;2013719000.0;2.13
HCP;2014-12-31;232786000.0;922233000.0;21331436000.0;10735297000.0;10596139000.0;1563210000.0;2.01
HCP;2015-12-31;386532000.0;-559235000.0;21449849000.0;9343643000.0;12106206000.0;1828305000.0;-1.21
HCP;2016-12-31;136990000.0;627747000.0;15759265000.0;5547595000.0;10211670000.0;2040486000.0;
HD;2013-02-03;2494000000.0;4535000000.0;41084000000.0;17777000000.0;23307000000.0;74754000000.0;3.03
HD;2014-02-02;1929000000.0;5385000000.0;40518000000.0;12522000000.0;27996000000.0;78812000000.0;3.78
HD;2015-02-01;1723000000.0;6345000000.0;39946000000.0;9322000000.0;30624000000.0;83176000000.0;4.74
HD;2016-01-31;2216000000.0;7009000000.0;42549000000.0;6316000000.0;36233000000.0;88519000000.0;5.49
HES;2012-12-31;642000000.0;2025000000.0;43441000000.0;21090000000.0;22351000000.0;12245000000.0;5.98
HES;2013-12-31;1814000000.0;5052000000.0;42754000000.0;24720000000.0;18034000000.0;11905000000.0;15.01
HES;2014-12-31;2444000000.0;2317000000.0;38407000000.0;22205000000.0;16202000000.0;10737000000.0;7.63
HES;2015-12-31;2716000000.0;-3056000000.0;34195000000.0;19386000000.0;14809000000.0;6636000000.0;-10.78
HIG;2012-12-31;2421000000.0;-38000000.0;298513000000.0;22447000000.0;276066000000.0;22086000000.0;-0.18
HIG;2013-12-31;1428000000.0;176000000.0;277884000000.0;18905000000.0;258979000000.0;20673000000.0;0.37
HIG;2014-12-31;399000000.0;798000000.0;245013000000.0;18720000000.0;226293000000.0;18614000000.0;1.81
HIG;2015-12-31;448000000.0;1682000000.0;228348000000.0;17642000000.0;210706000000.0;18377000000.0;4.05
HOG;2012-12-31;1256146000.0;623925000.0;9170773000.0;2557624000.0;6613149000.0;5580506000.0;2.75
HOG;2013-12-31;1211419000.0;733993000.0;9405040000.0;3009486000.0;6395554000.0;5899872000.0;3.3
HOG;2014-12-31;1005307000.0;844611000.0;9528097000.0;2909286000.0;6618811000.0;6228508000.0;3.9
HOG;2015-12-31;810476000.0;752207000.0;9991167000.0;1839654000.0;8151513000.0;5995402000.0;3.71
HOLX;2013-09-28;829400000.0;-1172800000.0;9000800000.0;1941500000.0;7059300000.0;2492300000.0;-4.36
HOLX;2014-09-27;741600000.0;17300000.0;8414700000.0;2063000000.0;6351700000.0;2530700000.0;0.06
HOLX;2015-09-26;492700000.0;131600000.0;7642500000.0;2079200000.0;5563300000.0;2705000000.0;0.47
HOLX;2016-09-24;548400000.0;330800000.0;7317000000.0;2142700000.0;5174300000.0;2832700000.0;1.18
HON;2013-12-31;6422000000.0;3924000000.0;45435000000.0;17467000000.0;27968000000.0;39055000000.0;4.99
HON;2014-12-31;6959000000.0;4239000000.0;45451000000.0;17657000000.0;27794000000.0;40306000000.0;5.4
HON;2015-12-31;5455000000.0;4768000000.0;49316000000.0;18283000000.0;31033000000.0;38581000000.0;6.11
HON;2016-12-31;7843000000.0;4809000000.0;54146000000.0;19369000000.0;34777000000.0;39302000000.0;
HP;2013-09-30;447868000.0;736639000.0;6264827000.0;4443727000.0;1821100000.0;3387614000.0;6.89
HP;2014-09-30;360909000.0;706563000.0;6720998000.0;4890977000.0;1830021000.0;3715968000.0;6.54
HP;2015-09-30;729384000.0;420427000.0;7147242000.0;4895846000.0;2251396000.0;3161702000.0;3.9
HP;2016-09-30;905561000.0;-56828000.0;6832019000.0;4560925000.0;2271094000.0;1624232000.0;-0.54
HPE;2014-10-31;2319000000.0;1648000000.0;65071000000.0;36776000000.0;28295000000.0;55123000000.0;
HPE;2015-10-31;9842000000.0;2461000000.0;79916000000.0;33535000000.0;46381000000.0;52107000000.0;
HPE;2016-10-31;12987000000.0;3161000000.0;79679000000.0;31448000000.0;48231000000.0;50123000000.0;1.84
HPQ;2013-10-31;12163000000.0;5113000000.0;105676000000.0;27269000000.0;78407000000.0;112298000000.0;2.64
HPQ;2014-10-31;15133000000.0;5013000000.0;103206000000.0;26731000000.0;76475000000.0;56651000000.0;2.66
HPQ;2015-10-31;7584000000.0;4554000000.0;106882000000.0;27768000000.0;79114000000.0;51463000000.0;
HPQ;2016-10-31;6288000000.0;2496000000.0;29010000000.0;-3889000000.0;32899000000.0;48238000000.0;1.44
HRB;2013-04-30;1865421000.0;433948000.0;4537779000.0;1263547000.0;3274232000.0;2807114000.0;1.59
HRB;2014-04-30;2300626000.0;475157000.0;4693529000.0;1556549000.0;3136980000.0;3024295000.0;1.73
HRB;2015-04-30;2099162000.0;473663000.0;4515420000.0;1832949000.0;2682471000.0;3078658000.0;1.72
HRB;2016-04-30;1000911000.0;374267000.0;2857775000.0;23103000.0;2834672000.0;3038153000.0;1.5
HRL;2013-10-27;434014000.0;526211000.0;4915880000.0;3311040000.0;1604840000.0;8751654000.0;1.99
HRL;2014-10-26;334174000.0;602677000.0;5455619000.0;3605678000.0;1849941000.0;9316256000.0;2.28
HRL;2015-10-31;347239000.0;686088000.0;6139831000.0;3998198000.0;2141633000.0;9263863000.0;
HRL;2016-10-30;415143000.0;890052000.0;6370067000.0;4448006000.0;1922061000.0;9523224000.0;0.46
HRS;2013-06-28;321000000.0;113000000.0;4858400000.0;1561300000.0;3297200000.0;5112000000.0;1.01
HRS;2014-06-27;561000000.0;535000000.0;4919000000.0;1826000000.0;3094000000.0;5012000000.0;5.0
HRS;2015-07-03;481000000.0;334000000.0;13127000000.0;3397000000.0;9725000000.0;5083000000.0;3.15
HRS;2016-07-01;487000000.0;324000000.0;11996000000.0;3056000000.0;8939000000.0;7467000000.0;2.61
HSIC;2012-12-29;122080000.0;388076000.0;5333997000.0;2613585000.0;2720412000.0;8939967000.0;4.44
HSIC;2013-12-28;188616000.0;431554000.0;5624636000.0;2785197000.0;2839439000.0;9560647000.0;5.02
HSIC;2014-12-27;89474000.0;466077000.0;6138807000.0;2813594000.0;3325213000.0;10371390000.0;5.53
HSIC;2015-12-26;72086000.0;479058000.0;6504740000.0;2884256000.0;3620484000.0;10629719000.0;5.78
HST;2012-12-31;453000000.0;61000000.0;12994000000.0;6825000000.0;6169000000.0;5059000000.0;0.08
HST;2013-12-31;893000000.0;317000000.0;12814000000.0;7228000000.0;5586000000.0;5166000000.0;0.16
HST;2014-12-31;684000000.0;732000000.0;12172000000.0;7336000000.0;4836000000.0;5354000000.0;0.34
HST;2015-12-31;254000000.0;558000000.0;11784000000.0;7064000000.0;4720000000.0;5387000000.0;0.22
HSY;2012-12-31;728272000.0;660931000.0;4754839000.0;1036749000.0;3718090000.0;6644252000.0;
HSY;2013-12-31;1118508000.0;820470000.0;5357488000.0;1604834000.0;3752654000.0;7146079000.0;
HSY;2014-12-31;374854000.0;846912000.0;5622870000.0;1455062000.0;4167808000.0;7421768000.0;
HSY;2015-12-31;346529000.0;512951000.0;5344371000.0;997997000.0;4346374000.0;7386626000.0;
HUM;2013-12-31;1138000000.0;1231000000.0;20735000000.0;9316000000.0;11419000000.0;41313000000.0;7.81
HUM;2014-12-31;1935000000.0;1147000000.0;23527000000.0;9646000000.0;13881000000.0;48500000000.0;7.44
HUM;2015-12-31;2571000000.0;1276000000.0;24678000000.0;10346000000.0;14332000000.0;54289000000.0;8.54
HUM;2016-12-31;3877000000.0;614000000.0;25396000000.0;10685000000.0;14711000000.0;54379000000.0;
IBM;2012-12-31;10412000000.0;16604000000.0;119213000000.0;18860000000.0;100353000000.0;102874000000.0;14.53
IBM;2013-12-31;10716000000.0;16483000000.0;126223000000.0;22792000000.0;103431000000.0;98367000000.0;15.06
IBM;2014-12-31;8476000000.0;12022000000.0;117271000000.0;11868000000.0;105403000000.0;92793000000.0;11.97
IBM;2015-12-31;7686000000.0;13190000000.0;110495000000.0;14262000000.0;96233000000.0;81741000000.0;13.48
IDXX;2012-12-31;223986000.0;178267000.0;1103602000.0;636223000.0;467379000.0;1293338000.0;3.24
IDXX;2013-12-31;279058000.0;187800000.0;1230516000.0;518186000.0;712330000.0;1377058000.0;3.53
IDXX;2014-12-31;322536000.0;181906000.0;1384211000.0;117516000.0;1266695000.0;1485807000.0;3.63
IDXX;2015-12-31;128994000.0;192078000.0;1474993000.0;-84125000.0;1559118000.0;1601892000.0;2.07
IFF;2012-12-31;324422000.0;254134000.0;3246192000.0;1248808000.0;1993637000.0;2821446000.0;3.11
IFF;2013-12-31;405505000.0;353544000.0;3331731000.0;1463072000.0;1864680000.0;2952896000.0;4.32
IFF;2014-12-31;478573000.0;414543000.0;3494621000.0;1518561000.0;1971932000.0;3088533000.0;5.09
IFF;2015-12-31;181988000.0;419247000.0;3721454000.0;1590318000.0;2126464000.0;3023189000.0;5.19
ILMN;2013-12-29;711637000.0;125308000.0;3019006000.0;1533202000.0;1485804000.0;1421178000.0;1.0
ILMN;2014-12-28;636154000.0;353351000.0;3339640000.0;1462798000.0;1876842000.0;1861358000.0;2.61
ILMN;2016-01-03;768770000.0;461559000.0;3687747000.0;1848553000.0;1839194000.0;2219762000.0;3.19
ILMN;2017-01-01;734516000.0;462649000.0;4280600000.0;2197229000.0;2083371000.0;2398373000.0;
INTC;2013-12-28;5674000000.0;9620000000.0;92358000000.0;58256000000.0;34102000000.0;52708000000.0;1.94
INTC;2014-12-27;2561000000.0;11704000000.0;91900000000.0;55865000000.0;36035000000.0;55870000000.0;2.39
INTC;2015-12-26;15308000000.0;11420000000.0;101459000000.0;61085000000.0;40374000000.0;55355000000.0;2.41
INTC;2016-12-31;5560000000.0;10316000000.0;113327000000.0;66226000000.0;47101000000.0;59387000000.0;
INTU;2013-07-31;1009000000.0;858000000.0;5486000000.0;3531000000.0;1955000000.0;3946000000.0;2.89
INTU;2014-07-31;849000000.0;907000000.0;5201000000.0;3078000000.0;2123000000.0;4243000000.0;3.18
INTU;2015-07-31;808000000.0;365000000.0;4968000000.0;2332000000.0;2636000000.0;4192000000.0;1.3
INTU;2016-07-31;638000000.0;979000000.0;4250000000.0;1161000000.0;3089000000.0;4694000000.0;3.73
IP;2012-12-31;1302000000.0;794000000.0;32153000000.0;6304000000.0;25849000000.0;21852000000.0;1.82
IP;2013-12-31;1802000000.0;1395000000.0;31528000000.0;8105000000.0;23423000000.0;23483000000.0;3.15
IP;2014-12-31;1881000000.0;555000000.0;28684000000.0;5115000000.0;23569000000.0;23617000000.0;1.3
IP;2015-12-31;1050000000.0;938000000.0;30587000000.0;3884000000.0;26703000000.0;22365000000.0;2.25
IPG;2012-12-31;2574800000.0;446700000.0;13493900000.0;2420600000.0;11073300000.0;6956200000.0;1.01
IPG;2013-12-31;1636800000.0;267900000.0;12905000000.0;2215200000.0;10689800000.0;7122300000.0;0.62
IPG;2014-12-31;1660600000.0;477100000.0;12736600000.0;2116300000.0;10620300000.0;7537100000.0;1.14
IPG;2015-12-31;1502900000.0;454600000.0;12585100000.0;1965500000.0;10619600000.0;7613800000.0;1.11
IRM;2012-12-31;277027000.0;170922000.0;6358339000.0;1149971000.0;5208368000.0;3003955000.0;0.99
IRM;2013-12-31;154386000.0;96462000.0;6653005000.0;1041238000.0;5611767000.0;3024623000.0;0.51
IRM;2014-12-31;159793000.0;326119000.0;6523265000.0;856355000.0;5666910000.0;3117693000.0;1.67
IRM;2015-12-31;128381000.0;123241000.0;6350587000.0;508841000.0;5841746000.0;3007976000.0;0.58
ISRG;2013-12-31;782100000.0;671000000.0;3950300000.0;3501400000.0;448900000.0;2265100000.0;17.12
ISRG;2014-12-31;600300000.0;418800000.0;3959400000.0;3379400000.0;580000000.0;2131700000.0;11.35
ISRG;2015-12-31;714600000.0;588800000.0;4907300000.0;4319500000.0;587800000.0;2384400000.0;15.87
ISRG;2016-12-31;1036600000.0;735900000.0;6486900000.0;5777800000.0;709100000.0;2704400000.0;
ITW;2013-12-31;3618000000.0;1679000000.0;19966000000.0;9703000000.0;10257000000.0;14135000000.0;3.76
ITW;2014-12-31;3990000000.0;2946000000.0;17465000000.0;6819000000.0;10641000000.0;14484000000.0;7.33
ITW;2015-12-31;3090000000.0;1899000000.0;15729000000.0;5224000000.0;10501000000.0;13405000000.0;5.16
ITW;2016-12-31;2472000000.0;2035000000.0;15201000000.0;4254000000.0;10942000000.0;13599000000.0;
IVZ;2012-12-31;1123300000.0;587300000.0;17492400000.0;8316800000.0;9175600000.0;4050400000.0;1.5
IVZ;2013-12-31;1914800000.0;940300000.0;19270500000.0;8392600000.0;10877900000.0;4644600000.0;2.1
IVZ;2014-12-31;1918200000.0;988100000.0;20450000000.0;8326000000.0;12124000000.0;5147100000.0;2.27
IVZ;2015-12-31;2214700000.0;968100000.0;25073200000.0;7885300000.0;17187900000.0;5122900000.0;2.26
JBHT;2012-12-31;5589000.0;310354000.0;2464641000.0;791860000.0;1672781000.0;5054980000.0;2.64
JBHT;2013-12-31;5831000.0;342382000.0;2819404000.0;1012452000.0;1806952000.0;5584571000.0;2.92
JBHT;2014-12-31;5961000.0;374792000.0;3378486000.0;1204523000.0;2173963000.0;6165441000.0;3.2
JBHT;2015-12-31;5566000.0;427235000.0;3636567000.0;1300352000.0;2336215000.0;6187646000.0;3.69
JEC;2013-09-27;1256405000.0;423093000.0;7274144000.0;4213097000.0;3061047000.0;11818376000.0;3.27
JEC;2014-09-26;732647000.0;328108000.0;8453659000.0;4469255000.0;3984404000.0;12695157000.0;2.51
JEC;2015-10-02;460859000.0;302971000.0;7785926000.0;4291745000.0;3494181000.0;12114832000.0;2.42
JEC;2016-09-30;655716000.0;210463000.0;7360022000.0;4265276000.0;3094746000.0;10964157000.0;1.75
JNPR;2012-12-31;2407800000.0;186500000.0;9832100000.0;6999000000.0;2833100000.0;4365400000.0;0.36
JNPR;2013-12-31;2284000000.0;439800000.0;10326000000.0;7302200000.0;3023800000.0;4669100000.0;0.88
JNPR;2014-12-31;1639600000.0;-334300000.0;8281400000.0;4919100000.0;3362300000.0;4627100000.0;-0.73
JNPR;2015-12-31;1420900000.0;633700000.0;8619200000.0;4574400000.0;4044800000.0;4857800000.0;1.62
JPM;2012-12-31;471833000000.0;21284000000.0;2359141000000.0;204069000000.0;2155072000000.0;93646000000.0;5.22
JPM;2013-12-31;603938000000.0;17886000000.0;2415689000000.0;211178000000.0;2204511000000.0;97142000000.0;4.39
JPM;2014-12-31;728111000000.0;21745000000.0;2572274000000.0;231727000000.0;2340547000000.0;91973000000.0;5.34
JPM;2015-12-31;573080000000.0;24442000000.0;2351698000000.0;247573000000.0;2104125000000.0;89716000000.0;6.05
JWN;2013-02-02;1285000000.0;735000000.0;8089000000.0;1913000000.0;6176000000.0;12134000000.0;3.62
JWN;2014-02-01;1194000000.0;734000000.0;8574000000.0;2080000000.0;6494000000.0;12540000000.0;3.77
JWN;2015-01-31;827000000.0;720000000.0;9245000000.0;2440000000.0;6805000000.0;13506000000.0;3.79
JWN;2016-01-30;595000000.0;600000000.0;7698000000.0;871000000.0;6827000000.0;14437000000.0;3.22
K;2012-12-29;281000000.0;961000000.0;15169000000.0;2404000000.0;12765000000.0;14197000000.0;2.68
K;2013-12-28;273000000.0;1807000000.0;15474000000.0;3545000000.0;11929000000.0;14792000000.0;4.98
K;2015-01-03;443000000.0;632000000.0;15153000000.0;2789000000.0;12364000000.0;14580000000.0;1.76
K;2016-01-02;251000000.0;614000000.0;15265000000.0;2128000000.0;13137000000.0;13525000000.0;1.74
KEY;2013-09-30;553437000.0;-33868000.0;1986789000.0;240550000.0;1746239000.0;1287577000.0;
KEY;2014-09-30;387095000.0;34383000.0;2066220000.0;279118000.0;1787102000.0;1463767000.0;
KEY;2015-09-30;290484000.0;344094000.0;2409295000.0;630423000.0;1778872000.0;1627413000.0;
KEY;2016-09-30;243276000.0;4693000.0;2213158000.0;642853000.0;1570305000.0;1822114000.0;
KIM;2012-12-31;141875000.0;266073000.0;9751234000.0;4765160000.0;4986074000.0;793373000.0;0.42
KIM;2013-12-31;148768000.0;236281000.0;9663630000.0;4632417000.0;5031213000.0;861527000.0;0.43
KIM;2014-12-31;187322000.0;424001000.0;10261400000.0;4774785000.0;5486615000.0;993897000.0;0.89
KIM;2015-12-31;189534000.0;894115000.0;11344171000.0;5046300000.0;6297871000.0;1166769000.0;2.01
KLAC;2013-06-30;985390000.0;543149000.0;5287357000.0;3482152000.0;1805205000.0;2842781000.0;3.27
KLAC;2014-06-30;630861000.0;582755000.0;5535846000.0;3669346000.0;1866500000.0;2929408000.0;3.51
KLAC;2015-06-30;838025000.0;366158000.0;4826012000.0;421439000.0;4404573000.0;2814049000.0;2.26
KLAC;2016-06-30;1108488000.0;704422000.0;4962432000.0;689114000.0;4273318000.0;2984493000.0;4.52
KMB;2013-12-31;1054000000.0;2142000000.0;18919000000.0;4856000000.0;14063000000.0;19561000000.0;5.58
KMB;2014-12-31;789000000.0;1526000000.0;15526000000.0;729000000.0;14797000000.0;19724000000.0;4.07
KMB;2015-12-31;619000000.0;1013000000.0;14842000000.0;-174000000.0;15016000000.0;18591000000.0;2.78
KMB;2016-12-31;923000000.0;2166000000.0;14602000000.0;-102000000.0;14704000000.0;18202000000.0;
KMI;2013-12-31;598000000.0;1193000000.0;75185000000.0;13093000000.0;62092000000.0;14070000000.0;
KMI;2014-12-31;315000000.0;1026000000.0;83049000000.0;34076000000.0;48973000000.0;16226000000.0;
KMI;2015-12-31;289000000.0;253000000.0;84104000000.0;35119000000.0;48985000000.0;14403000000.0;0.1
KMI;2016-12-31;787000000.0;708000000.0;80305000000.0;34431000000.0;45874000000.0;13058000000.0;
KMX;2013-02-28;673651000.0;434284000.0;9888602000.0;3019167000.0;6869435000.0;10962818000.0;1.9
KMX;2014-02-28;887200000.0;492586000.0;11707157000.0;3316997000.0;8390160000.0;12574299000.0;2.2
KMX;2015-02-28;321728000.0;597358000.0;13198201000.0;3156785000.0;10041416000.0;14268716000.0;2.77
KMX;2016-02-29;381223000.0;623428000.0;14481576000.0;2904786000.0;11576790000.0;15149675000.0;3.07
KO;2012-12-31;8442000000.0;9019000000.0;86174000000.0;32790000000.0;53384000000.0;48017000000.0;2.0
KO;2013-12-31;10414000000.0;8584000000.0;90055000000.0;33173000000.0;56882000000.0;46854000000.0;1.94
KO;2014-12-31;8958000000.0;7098000000.0;92023000000.0;30320000000.0;61703000000.0;45998000000.0;1.62
KO;2015-12-31;7309000000.0;7351000000.0;90093000000.0;25554000000.0;64539000000.0;44294000000.0;1.69
KORS;2013-03-30;472511000.0;397602000.0;1289565000.0;1047246000.0;242319000.0;2181732000.0;2.02
KORS;2014-03-29;971194000.0;661500000.0;2216973000.0;1806131000.0;410842000.0;3310800000.0;3.27
KORS;2015-03-28;978900000.0;881000000.0;2684600000.0;2241000000.0;443600000.0;4371500000.0;4.35
KORS;2016-04-02;702000000.0;839100000.0;2566800000.0;1995700000.0;571100000.0;4712100000.0;4.5
KR;2013-02-02;238000000.0;1497000000.0;24634000000.0;4207000000.0;20427000000.0;96619000000.0;2.78
KR;2014-02-01;401000000.0;1519000000.0;29281000000.0;5384000000.0;23897000000.0;98375000000.0;2.93
KR;2015-01-31;268000000.0;1728000000.0;30497000000.0;5412000000.0;25085000000.0;108465000000.0;3.49
KR;2016-01-30;277000000.0;2039000000.0;33897000000.0;6820000000.0;27077000000.0;109830000000.0;2.09
KSS;2013-02-02;537000000.0;986000000.0;13905000000.0;6048000000.0;7857000000.0;19279000000.0;4.19
KSS;2014-02-01;971000000.0;889000000.0;14357000000.0;5978000000.0;8379000000.0;19031000000.0;4.08
KSS;2015-01-31;1407000000.0;867000000.0;14333000000.0;5991000000.0;8342000000.0;19023000000.0;4.28
KSS;2016-01-30;707000000.0;673000000.0;13606000000.0;5491000000.0;8115000000.0;19204000000.0;3.48
KSU;2013-12-31;429500000.0;351400000.0;7435400000.0;3370600000.0;4064800000.0;2369300000.0;3.19
KSU;2014-12-31;348000000.0;502600000.0;7976400000.0;3755500000.0;4220900000.0;2577100000.0;4.56
KSU;2015-12-31;136600000.0;483500000.0;8341000000.0;3914300000.0;4426700000.0;2418800000.0;4.41
KSU;2016-12-31;170600000.0;478100000.0;8817500000.0;4089900000.0;4727600000.0;2334200000.0;
LB;2013-02-02;773000000.0;753000000.0;6019000000.0;-1015000000.0;7034000000.0;10459000000.0;2.6
LB;2014-02-01;1519000000.0;903000000.0;7198000000.0;-370000000.0;7568000000.0;10773000000.0;3.12
LB;2015-01-31;1681000000.0;1042000000.0;7476000000.0;18000000.0;7458000000.0;11454000000.0;3.57
LB;2016-01-30;2548000000.0;1253000000.0;8493000000.0;-259000000.0;8752000000.0;12154000000.0;4.3
LEG;2012-12-31;359100000.0;250500000.0;3254900000.0;1434500000.0;1812700000.0;3414500000.0;1.72
LEG;2013-12-31;272700000.0;199700000.0;3108100000.0;1391300000.0;1708900000.0;3477200000.0;1.36
LEG;2014-12-31;332800000.0;101200000.0;3140600000.0;1146500000.0;1985700000.0;3782300000.0;0.69
LEG;2015-12-31;253200000.0;329200000.0;2967600000.0;1085600000.0;1869900000.0;3917200000.0;2.31
LEN;2013-11-30;935663000.0;479674000.0;11273247000.0;4168901000.0;7104346000.0;5935095000.0;2.48
LEN;2014-11-30;895578000.0;638916000.0;12923151000.0;4827020000.0;8096131000.0;7779812000.0;3.12
LEN;2015-11-30;906913000.0;802894000.0;14419509000.0;5648944000.0;8770565000.0;9474008000.0;3.87
LEN;2016-11-30;1056115000.0;911844000.0;15361781000.0;7026042000.0;8335739000.0;10949999000.0;
LH;2012-12-31;466800000.0;583100000.0;6795000000.0;2717400000.0;4077600000.0;5671400000.0;6.09
LH;2013-12-31;404000000.0;573800000.0;6965900000.0;2491300000.0;4474600000.0;5808300000.0;6.36
LH;2014-12-31;580000000.0;511200000.0;7301800000.0;2820500000.0;4481300000.0;6011600000.0;
LH;2015-12-31;716400000.0;436900000.0;14221700000.0;4944400000.0;9277300000.0;8680100000.0;
LKQ;2012-12-31;59770000.0;261225000.0;3723456000.0;1964094000.0;1759362000.0;4122930000.0;0.88
LKQ;2013-12-31;150488000.0;311623000.0;4518774000.0;2350745000.0;2168029000.0;5062528000.0;
LKQ;2014-12-31;114605000.0;381519000.0;5475739000.0;2720657000.0;2755082000.0;6740064000.0;
LKQ;2015-12-31;87397000.0;423223000.0;5647837000.0;3114682000.0;2533155000.0;7192633000.0;
LLL;2012-12-31;349000000.0;784000000.0;13800000000.0;5451000000.0;8349000000.0;13107000000.0;8.41
LLL;2013-12-31;500000000.0;751000000.0;14007000000.0;5981000000.0;8026000000.0;11420000000.0;8.7
LLL;2014-12-31;442000000.0;664000000.0;13715000000.0;5285000000.0;8430000000.0;10986000000.0;7.78
LLL;2015-12-31;207000000.0;-240000000.0;12085000000.0;4355000000.0;7730000000.0;10466000000.0;-2.97
LLTC;2013-06-30;126650000.0;406925000.0;2098341000.0;981908000.0;1116433000.0;1282236000.0;1.72
LLTC;2014-06-29;157323000.0;459961000.0;1655578000.0;1331369000.0;324209000.0;1388386000.0;1.91
LLTC;2015-06-28;195679000.0;520963000.0;1884079000.0;1577927000.0;306152000.0;1475139000.0;2.13
LLTC;2016-07-03;263682000.0;494346000.0;2049981000.0;1759175000.0;290806000.0;1423936000.0;2.02
LLY;2012-12-31;4018800000.0;4088600000.0;34398900000.0;14765200000.0;19625000000.0;22603400000.0;3.67
LLY;2013-12-31;3830200000.0;4684800000.0;35248700000.0;17631400000.0;17608000000.0;23113100000.0;4.33
LLY;2014-12-31;3871600000.0;2390500000.0;36307600000.0;15373200000.0;20919500000.0;19615600000.0;2.23
LLY;2015-12-31;3666400000.0;2408400000.0;35568900000.0;14571300000.0;20978600000.0;19958700000.0;2.27
LMT;2013-12-31;2617000000.0;2981000000.0;36188000000.0;4918000000.0;31270000000.0;45358000000.0;9.29
LMT;2014-12-31;1446000000.0;3614000000.0;37046000000.0;3400000000.0;33646000000.0;39946000000.0;11.41
LMT;2015-12-31;1090000000.0;3605000000.0;49304000000.0;3097000000.0;46207000000.0;40536000000.0;11.62
LMT;2016-12-31;1837000000.0;5302000000.0;47806000000.0;1511000000.0;46295000000.0;47248000000.0;
LNT;2012-12-31;21200000.0;335700000.0;10785500000.0;3280000000.0;7505500000.0;3094500000.0;2.89
LNT;2013-12-31;9800000.0;376200000.0;11112400000.0;3481400000.0;7631000000.0;3276800000.0;3.23
LNT;2014-12-31;56900000.0;393300000.0;12063500000.0;3638700000.0;8424800000.0;3350300000.0;3.46
LNT;2015-12-31;5800000.0;388400000.0;12495200000.0;3924100000.0;8571100000.0;3253600000.0;3.36
LOW;2013-02-01;541000000.0;1959000000.0;32666000000.0;13857000000.0;18809000000.0;50521000000.0;1.69
LOW;2014-01-31;391000000.0;2286000000.0;32732000000.0;11853000000.0;20879000000.0;53417000000.0;2.14
LOW;2015-01-30;466000000.0;2698000000.0;31721000000.0;9968000000.0;21753000000.0;56223000000.0;2.71
LOW;2016-01-29;405000000.0;2546000000.0;31266000000.0;7654000000.0;23612000000.0;59074000000.0;2.73
LRCX;2013-06-30;1162473000.0;113879000.0;7250315000.0;4488872000.0;2574523000.0;3598916000.0;0.67
LRCX;2014-06-29;1452677000.0;632289000.0;7993306000.0;5029735000.0;2963571000.0;4607309000.0;3.84
LRCX;2015-06-28;1501539000.0;655577000.0;9364648000.0;5103144000.0;4261504000.0;5259312000.0;4.11
LRCX;2016-06-26;5039322000.0;914049000.0;12271528000.0;5894517000.0;6377011000.0;5885893000.0;5.75
LUK;2012-12-31;145960000.0;864641000.0;9349118000.0;6767268000.0;2581850000.0;7810610000.0;3.49
LUK;2013-12-31;7524197000.0;362193000.0;47866781000.0;10102462000.0;37639319000.0;9531778000.0;1.07
LUK;2014-12-31;7721449000.0;199025000.0;52623908000.0;10302158000.0;42196750000.0;10681897000.0;0.54
LUK;2015-12-31;4389732000.0;252111000.0;46339812000.0;10401211000.0;35813601000.0;10116502000.0;0.74
LUV;2013-12-31;1355000000.0;754000000.0;19345000000.0;7336000000.0;12009000000.0;17699000000.0;1.06
LUV;2014-12-31;1282000000.0;1136000000.0;19723000000.0;6775000000.0;12948000000.0;18605000000.0;1.65
LUV;2015-12-31;1583000000.0;2181000000.0;21312000000.0;7358000000.0;13954000000.0;19820000000.0;3.3
LUV;2016-12-31;1680000000.0;2244000000.0;23286000000.0;8441000000.0;14845000000.0;20425000000.0;
LVLT;2012-12-31;987000000.0;-422000000.0;13307000000.0;1171000000.0;12136000000.0;6376000000.0;-1.96
LVLT;2013-12-31;638000000.0;-109000000.0;12874000000.0;1411000000.0;11463000000.0;6313000000.0;-0.49
LVLT;2014-12-31;587000000.0;314000000.0;20947000000.0;6363000000.0;14584000000.0;6777000000.0;1.23
LVLT;2015-12-31;862000000.0;3433000000.0;24145000000.0;10126000000.0;14019000000.0;8229000000.0;9.71
LYB;2012-12-31;2737000000.0;2848000000.0;24220000000.0;11139000000.0;13081000000.0;45352000000.0;4.97
LYB;2013-12-31;4460000000.0;3857000000.0;27298000000.0;12478000000.0;14820000000.0;44062000000.0;6.8
LYB;2014-12-31;1033000000.0;4174000000.0;24221000000.0;8314000000.0;15907000000.0;45608000000.0;8.03
LYB;2015-12-31;931000000.0;4476000000.0;22757000000.0;6550000000.0;16207000000.0;32735000000.0;9.62
M;2013-02-02;1836000000.0;1335000000.0;20991000000.0;6051000000.0;14940000000.0;27686000000.0;3.29
M;2014-02-01;2273000000.0;1486000000.0;21620000000.0;6249000000.0;15371000000.0;27931000000.0;3.93
M;2015-01-31;2246000000.0;1526000000.0;21330000000.0;5378000000.0;15952000000.0;28105000000.0;4.3
M;2016-01-30;1109000000.0;1072000000.0;20576000000.0;4250000000.0;16326000000.0;27079000000.0;3.26
MA;2013-12-31;5233000000.0;3116000000.0;14242000000.0;7484000000.0;6758000000.0;8312000000.0;2.57
MA;2014-12-31;6627000000.0;3617000000.0;15329000000.0;6790000000.0;8539000000.0;9441000000.0;3.11
MA;2015-12-31;7183000000.0;3808000000.0;16250000000.0;6028000000.0;10222000000.0;9667000000.0;3.36
MA;2016-12-31;8255000000.0;4059000000.0;18675000000.0;5656000000.0;13019000000.0;10776000000.0;
MAA;2012-12-31;9883000.0;109825000.0;2751068000.0;914052000.0;1837016000.0;475888000.0;2.56
MAA;2013-12-31;133694000.0;119279000.0;6841925000.0;2946811000.0;3895114000.0;635490000.0;2.27
MAA;2014-12-31;54834000.0;156277000.0;6821778000.0;2890524000.0;3931254000.0;992332000.0;1.97
MAA;2015-12-31;63641000.0;350745000.0;6847781000.0;2992097000.0;3855684000.0;1042779000.0;4.41
MAC;2012-12-31;144451000.0;337426000.0;9311209000.0;3077529000.0;6233680000.0;797517000.0;2.51
MAC;2013-12-31;86558000.0;420090000.0;9075250000.0;3358749000.0;5716501000.0;1029475000.0;3.01
MAC;2014-12-31;98437000.0;1499042000.0;13121778000.0;5640120000.0;7481658000.0;1105247000.0;10.46
MAC;2015-12-31;127899000.0;487562000.0;11258576000.0;4715414000.0;6543162000.0;1288149000.0;3.08
MAR;2012-12-31;88000000.0;571000000.0;6342000000.0;-1285000000.0;7627000000.0;11814000000.0;
MAR;2013-12-31;126000000.0;626000000.0;6794000000.0;-1415000000.0;8209000000.0;12784000000.0;2.05
MAR;2014-12-31;104000000.0;753000000.0;6833000000.0;-2200000000.0;9033000000.0;13796000000.0;2.6
MAR;2015-12-31;96000000.0;859000000.0;6082000000.0;-3590000000.0;9672000000.0;14486000000.0;3.22
MAS;2013-12-31;1223000000.0;288000000.0;6957000000.0;559000000.0;6398000000.0;6761000000.0;0.76
MAS;2014-12-31;1379000000.0;856000000.0;7208000000.0;924000000.0;6284000000.0;7006000000.0;2.4
MAS;2015-12-31;1468000000.0;355000000.0;5664000000.0;-135000000.0;5799000000.0;7142000000.0;1.03
MAS;2016-12-31;990000000.0;491000000.0;5137000000.0;-298000000.0;5435000000.0;7357000000.0;
MAT;2012-12-31;1335711000.0;776464000.0;6526785000.0;3067044000.0;3459741000.0;6420881000.0;2.25
MAT;2013-12-31;1039216000.0;903944000.0;6439626000.0;3251559000.0;3188067000.0;6484892000.0;2.61
MAT;2014-12-31;971650000.0;498874000.0;6721983000.0;2949071000.0;3772912000.0;6023819000.0;1.46
MAT;2015-12-31;892814000.0;369416000.0;6552689000.0;2633254000.0;3919435000.0;5702613000.0;1.08
MCD;2012-12-31;2336100000.0;5464800000.0;35386500000.0;15293600000.0;20092900000.0;27567000000.0;5.41
MCD;2013-12-31;2798700000.0;5585900000.0;36626300000.0;16009700000.0;20616600000.0;28105700000.0;5.59
MCD;2014-12-31;2077900000.0;4757800000.0;34227400000.0;12853400000.0;21374000000.0;27441300000.0;4.85
MCD;2015-12-31;7685500000.0;4529300000.0;37938700000.0;7087900000.0;30850800000.0;25413000000.0;4.82
MCHP;2013-03-31;528334000.0;127389000.0;3851405000.0;1933470000.0;1917935000.0;1581623000.0;0.65
MCHP;2014-03-31;466603000.0;395281000.0;4067630000.0;2135461000.0;1932169000.0;1931217000.0;1.99
MCHP;2015-03-31;607815000.0;369009000.0;4780713000.0;2044654000.0;2736059000.0;2147036000.0;1.84
MCHP;2016-03-31;2092751000.0;324132000.0;5567515000.0;2150919000.0;3416596000.0;2173334000.0;1.59
MCK;2013-03-31;2456000000.0;1338000000.0;34786000000.0;7070000000.0;27716000000.0;122196000000.0;5.71
MCK;2014-03-31;4193000000.0;1263000000.0;51759000000.0;8522000000.0;43237000000.0;137392000000.0;5.51
MCK;2015-03-31;5341000000.0;1476000000.0;53870000000.0;8001000000.0;45869000000.0;179045000000.0;6.37
MCK;2016-03-31;4048000000.0;2258000000.0;56563000000.0;8924000000.0;47639000000.0;190884000000.0;9.82
MCO;2012-12-31;1755400000.0;690000000.0;3960900000.0;385200000.0;3575700000.0;2730300000.0;3.09
MCO;2013-12-31;1919500000.0;804500000.0;4395100000.0;337000000.0;4058100000.0;2972500000.0;3.67
MCO;2014-12-31;1219500000.0;988700000.0;4669000000.0;-187800000.0;4856800000.0;3334300000.0;4.69
MCO;2015-12-31;1757400000.0;941300000.0;5123400000.0;-565000000.0;5688400000.0;3484500000.0;4.7
MDLZ;2012-12-31;4475000000.0;3067000000.0;75477000000.0;32276000000.0;43201000000.0;35015000000.0;1.7
MDLZ;2013-12-31;2622000000.0;3915000000.0;72515000000.0;32373000000.0;40142000000.0;35299000000.0;2.21
MDLZ;2014-12-31;1631000000.0;2184000000.0;66771000000.0;27750000000.0;39021000000.0;34244000000.0;1.29
MDLZ;2015-12-31;1870000000.0;7267000000.0;62843000000.0;28012000000.0;34831000000.0;29636000000.0;4.49
MET;2012-12-31;15738000000.0;1324000000.0;836781000000.0;64453000000.0;772328000000.0;68150000000.0;1.12
MET;2013-12-31;7585000000.0;3368000000.0;885296000000.0;61553000000.0;823743000000.0;68199000000.0;2.94
MET;2014-12-31;10808000000.0;6309000000.0;902337000000.0;72053000000.0;830284000000.0;73316000000.0;5.48
MET;2015-12-31;12752000000.0;5310000000.0;877933000000.0;67949000000.0;809984000000.0;69951000000.0;4.61
MHK;2012-12-31;477672000.0;250258000.0;6303684000.0;3719617000.0;2584067000.0;5787980000.0;3.63
MHK;2013-12-31;54066000.0;348786000.0;8494177000.0;4461057000.0;4033120000.0;7348754000.0;4.86
MHK;2014-12-31;97877000.0;531965000.0;8285544000.0;4418006000.0;3867538000.0;7803446000.0;7.3
MHK;2015-12-31;81692000.0;615302000.0;9942364000.0;4854173000.0;5088191000.0;8071563000.0;2.59
MJN;2012-12-31;1042100000.0;580400000.0;3258200000.0;18700000.0;3239500000.0;3901300000.0;2.96
MJN;2013-12-31;1050800000.0;683800000.0;3474100000.0;291800000.0;3182300000.0;4200700000.0;3.2
MJN;2014-12-31;1297700000.0;719800000.0;3763800000.0;574300000.0;3189500000.0;4409300000.0;3.55
MJN;2015-12-31;1701400000.0;653500000.0;3998100000.0;-632300000.0;4630400000.0;4071300000.0;3.28
MKC;2013-11-30;63000000.0;389000000.0;4449700000.0;1932500000.0;2517200000.0;4123400000.0;2.94
MKC;2014-11-30;77300000.0;437900000.0;4414300000.0;1792200000.0;2622100000.0;4243200000.0;3.37
MKC;2015-11-30;112600000.0;401600000.0;4472600000.0;1670200000.0;2802400000.0;4296300000.0;3.14
MKC;2016-11-30;118400000.0;472300000.0;4635900000.0;1626600000.0;3009300000.0;4411500000.0;
MLM;2012-12-31;25394000.0;84474000.0;3160926000.0;1410545000.0;1750381000.0;2031901000.0;1.83
MLM;2013-12-31;42437000.0;121337000.0;3259826000.0;1537877000.0;1721949000.0;2155551000.0;2.62
MLM;2014-12-31;108651000.0;155601000.0;7219754000.0;4351166000.0;2868588000.0;2957951000.0;2.73
MLM;2015-12-31;168409000.0;288792000.0;6961732000.0;4057284000.0;2904448000.0;3539570000.0;4.31
MMC;2012-12-31;2301000000.0;1176000000.0;16288000000.0;6542000000.0;9746000000.0;11924000000.0;2.16
MMC;2013-12-31;2303000000.0;1357000000.0;16980000000.0;7905000000.0;9075000000.0;12261000000.0;2.47
MMC;2014-12-31;1958000000.0;1465000000.0;17793000000.0;7054000000.0;10739000000.0;12951000000.0;2.69
MMC;2015-12-31;1374000000.0;1599000000.0;18216000000.0;6513000000.0;11703000000.0;12893000000.0;3.01
MMM;2013-12-31;2581000000.0;4659000000.0;33550000000.0;17502000000.0;16048000000.0;30871000000.0;6.83
MMM;2014-12-31;1897000000.0;4956000000.0;31209000000.0;13109000000.0;18100000000.0;31821000000.0;7.63
MMM;2015-12-31;1798000000.0;4833000000.0;32883000000.0;11429000000.0;21454000000.0;30274000000.0;7.72
MMM;2016-12-31;2398000000.0;5050000000.0;32906000000.0;10298000000.0;22608000000.0;30109000000.0;
MNST;2012-12-31;222514000.0;340020000.0;1043325000.0;644397000.0;398928000.0;2060702000.0;
MNST;2013-12-31;211349000.0;338661000.0;1420509000.0;992279000.0;428230000.0;2246428000.0;
MNST;2014-12-31;370323000.0;483185000.0;1938875000.0;1515150000.0;423725000.0;2464867000.0;
MNST;2015-12-31;2175417000.0;546733000.0;5675189000.0;4809410000.0;865779000.0;2722564000.0;
MO;2012-12-31;2900000000.0;4180000000.0;35329000000.0;3168000000.0;32161000000.0;24618000000.0;2.06
MO;2013-12-31;3175000000.0;4535000000.0;34859000000.0;4119000000.0;30740000000.0;24466000000.0;2.26
MO;2014-12-31;3321000000.0;5070000000.0;34475000000.0;3014000000.0;31461000000.0;24522000000.0;2.56
MO;2015-12-31;2369000000.0;5241000000.0;32535000000.0;2880000000.0;29655000000.0;25434000000.0;2.67
MON;2013-08-31;3668000000.0;2482000000.0;20664000000.0;12559000000.0;8105000000.0;14861000000.0;4.65
MON;2014-08-31;2367000000.0;2740000000.0;21918000000.0;7875000000.0;14043000000.0;15855000000.0;5.28
MON;2015-08-31;3701000000.0;2314000000.0;21920000000.0;6990000000.0;14930000000.0;15001000000.0;4.85
MON;2016-08-31;1676000000.0;1336000000.0;19736000000.0;4534000000.0;15202000000.0;13502000000.0;3.02
MOS;2013-05-31;3697100000.0;1888700000.0;18086000000.0;13425400000.0;4660600000.0;9974100000.0;4.44
MOS;2014-12-31;2374600000.0;1028600000.0;18283000000.0;10703100000.0;7579900000.0;9055800000.0;2.69
MOS;2015-12-31;1276300000.0;1000400000.0;17389500000.0;9531800000.0;7857700000.0;8895300000.0;2.79
MOS;2016-12-31;673100000.0;297800000.0;16840700000.0;9584600000.0;7256100000.0;7162800000.0;
MPC;2012-12-31;4860000000.0;3389000000.0;27223000000.0;11694000000.0;15529000000.0;82243000000.0;9.95
MPC;2013-12-31;2292000000.0;2112000000.0;28385000000.0;10920000000.0;17465000000.0;100160000000.0;6.69
MPC;2014-12-31;1494000000.0;2524000000.0;30425000000.0;10751000000.0;19674000000.0;97817000000.0;8.84
MPC;2015-12-31;1127000000.0;2852000000.0;43115000000.0;13237000000.0;29878000000.0;72051000000.0;5.29
MRK;2012-12-31;13451000000.0;6168000000.0;106132000000.0;53020000000.0;53112000000.0;47267000000.0;2.03
MRK;2013-12-31;15621000000.0;4404000000.0;105645000000.0;49765000000.0;55880000000.0;44033000000.0;1.49
MRK;2014-12-31;7441000000.0;11920000000.0;98167000000.0;48647000000.0;49520000000.0;42237000000.0;4.12
MRK;2015-12-31;8524000000.0;4442000000.0;101779000000.0;44676000000.0;57103000000.0;39498000000.0;1.58
MRO;2012-12-31;684000000.0;1582000000.0;35306000000.0;18283000000.0;17023000000.0;11966000000.0;2.24
MRO;2013-12-31;264000000.0;1753000000.0;35620000000.0;19344000000.0;16276000000.0;11325000000.0;2.49
MRO;2014-12-31;2398000000.0;3046000000.0;35983000000.0;21020000000.0;14963000000.0;10846000000.0;4.48
MRO;2015-12-31;1221000000.0;-2204000000.0;32311000000.0;18553000000.0;13758000000.0;5522000000.0;-3.26
MSFT;2013-06-30;3804000000.0;21863000000.0;142431000000.0;78944000000.0;63487000000.0;77849000000.0;2.61
MSFT;2014-06-30;8669000000.0;22074000000.0;172384000000.0;89784000000.0;82600000000.0;86833000000.0;2.66
MSFT;2015-06-30;5595000000.0;12193000000.0;174472000000.0;80083000000.0;94389000000.0;93580000000.0;1.49
MSFT;2016-06-30;6510000000.0;16798000000.0;193694000000.0;71997000000.0;121697000000.0;85320000000.0;2.12
MTB;2012-12-31;8679887000.0;1029498000.0;83008803000.0;10202593000.0;72806210000.0;4608955000.0;7.57
MTB;2013-12-31;12496700000.0;1138480000.0;85162391000.0;11305532000.0;73856859000.0;4822539000.0;8.26
MTB;2014-12-31;21145941000.0;1066246000.0;96685535000.0;12335896000.0;84349639000.0;4736150000.0;7.47
MTB;2015-12-31;24892612000.0;1079667000.0;122787884000.0;16173289000.0;106614595000.0;4995881000.0;7.22
MTD;2013-12-31;111874000.0;306094000.0;2152819000.0;935052000.0;1217767000.0;2378972000.0;10.22
MTD;2014-12-31;85263000.0;338241000.0;2009110000.0;719595000.0;1289515000.0;2485983000.0;11.71
MTD;2015-12-31;98887000.0;352820000.0;1959335000.0;580457000.0;1378878000.0;2395447000.0;12.75
MTD;2016-12-31;158674000.0;384370000.0;2166777000.0;434943000.0;1731834000.0;2508257000.0;
MU;2013-08-29;3436000000.0;1190000000.0;19118000000.0;9142000000.0;9976000000.0;9073000000.0;1.16
MU;2014-08-28;4150000000.0;3045000000.0;22416000000.0;10760000000.0;11656000000.0;16358000000.0;2.87
MU;2015-09-03;2287000000.0;2899000000.0;24143000000.0;12302000000.0;11841000000.0;16192000000.0;2.71
MU;2016-09-01;4140000000.0;-276000000.0;27540000000.0;12080000000.0;15460000000.0;12399000000.0;-0.27
MUR;2012-12-31;947316000.0;970876000.0;17522643000.0;8942035000.0;8580608000.0;4608563000.0;5.01
MUR;2013-12-31;750155000.0;1123473000.0;17509484000.0;8595730000.0;8913754000.0;5312686000.0;5.98
MUR;2014-12-31;1193308000.0;905611000.0;16723738000.0;8573434000.0;8150304000.0;5288933000.0;5.06
MUR;2015-12-31;283183000.0;-2270833000.0;11493812000.0;5306728000.0;6187084000.0;2787116000.0;-13.03
MYL;2014-12-31;225500000.0;929400000.0;15820500000.0;3255900000.0;12564600000.0;7719600000.0;2.49
MYL;2015-12-31;1236000000.0;847600000.0;22267700000.0;9764400000.0;12503300000.0;9429300000.0;
NAVI;2013-12-31;6082000000.0;1418000000.0;159543000000.0;5637000000.0;153906000000.0;6263000000.0;
NAVI;2014-12-31;2076000000.0;1149000000.0;146352000000.0;4198000000.0;142154000000.0;5637000000.0;2.74
NAVI;2015-12-31;2095000000.0;997000000.0;134112000000.0;3975000000.0;130137000000.0;5197000000.0;2.66
NBL;2013-12-31;1117000000.0;978000000.0;19642000000.0;9184000000.0;10458000000.0;5015000000.0;2.72
NBL;2014-12-31;1183000000.0;1214000000.0;22518000000.0;10325000000.0;12193000000.0;5115000000.0;3.36
NBL;2015-12-31;1028000000.0;-2441000000.0;24196000000.0;10370000000.0;13826000000.0;3183000000.0;-6.07
NBL;2016-12-31;1180000000.0;-998000000.0;21011000000.0;9288000000.0;11723000000.0;3491000000.0;
NDAQ;2012-12-31;582000000.0;352000000.0;9132000000.0;5208000000.0;3924000000.0;3023000000.0;2.09
NDAQ;2013-12-31;482000000.0;385000000.0;12577000000.0;6184000000.0;6393000000.0;3100000000.0;2.3
NDAQ;2014-12-31;476000000.0;414000000.0;12071000000.0;5793000000.0;6278000000.0;3383000000.0;2.45
NDAQ;2015-12-31;357000000.0;428000000.0;11861000000.0;5609000000.0;6252000000.0;3292000000.0;2.56
NEE;2012-12-31;329000000.0;1911000000.0;64439000000.0;16068000000.0;48371000000.0;14256000000.0;4.59
NEE;2013-12-31;438000000.0;1908000000.0;69306000000.0;18040000000.0;51266000000.0;15136000000.0;4.5
NEE;2014-12-31;577000000.0;2465000000.0;74605000000.0;19916000000.0;54689000000.0;17021000000.0;5.67
NEE;2015-12-31;571000000.0;2752000000.0;82479000000.0;22574000000.0;59905000000.0;17486000000.0;6.11
NEM;2012-12-31;1561000000.0;1802000000.0;29650000000.0;13773000000.0;15877000000.0;9964000000.0;3.65
NEM;2013-12-31;1555000000.0;-2534000000.0;24607000000.0;9993000000.0;14614000000.0;8414000000.0;-4.94
NEM;2014-12-31;2403000000.0;508000000.0;24916000000.0;10274000000.0;14642000000.0;7292000000.0;1.02
NEM;2015-12-31;2782000000.0;220000000.0;25182000000.0;11350000000.0;13832000000.0;7729000000.0;0.43
NFLX;2013-12-31;604965000.0;112403000.0;5412563000.0;1333561000.0;4079002000.0;4374562000.0;1.93
NFLX;2014-12-31;1113608000.0;266799000.0;7042500000.0;1857708000.0;5184792000.0;5504656000.0;4.44
NFLX;2015-12-31;1809330000.0;122641000.0;10202871000.0;2223426000.0;7979445000.0;6779511000.0;0.29
NFLX;2016-12-31;1467576000.0;186678000.0;13586610000.0;2679800000.0;10906810000.0;8830669000.0;
NFX;2012-12-31;88000000.0;-1184000000.0;7912000000.0;2780000000.0;5132000000.0;1562000000.0;-8.8
NFX;2013-12-31;185000000.0;147000000.0;9321000000.0;2956000000.0;6365000000.0;1857000000.0;0.94
NFX;2014-12-31;14000000.0;900000000.0;9580000000.0;3893000000.0;5687000000.0;2288000000.0;6.59
NFX;2015-12-31;5000000.0;-3362000000.0;4768000000.0;1379000000.0;3389000000.0;1557000000.0;-21.18
NKE;2013-05-31;3337000000.0;2472000000.0;17545000000.0;11081000000.0;6464000000.0;25313000000.0;
NKE;2014-05-31;2220000000.0;2693000000.0;18594000000.0;10824000000.0;7770000000.0;27799000000.0;
NKE;2015-05-31;3852000000.0;3273000000.0;21597000000.0;12707000000.0;8890000000.0;30601000000.0;
NKE;2016-05-31;3138000000.0;3760000000.0;21396000000.0;12258000000.0;9138000000.0;32376000000.0;2.21
NLSN;2013-12-31;564000000.0;740000000.0;15530000000.0;5729000000.0;9801000000.0;5703000000.0;1.97
NLSN;2014-12-31;273000000.0;384000000.0;15326000000.0;5056000000.0;10270000000.0;6288000000.0;1.01
NLSN;2015-12-31;357000000.0;570000000.0;15303000000.0;4433000000.0;10870000000.0;6172000000.0;1.55
NLSN;2016-12-31;754000000.0;502000000.0;15730000000.0;4102000000.0;11628000000.0;6309000000.0;
NOV;2012-12-31;3319000000.0;2491000000.0;31484000000.0;20239000000.0;11245000000.0;17194000000.0;5.86
NOV;2013-12-31;3436000000.0;2327000000.0;34812000000.0;22230000000.0;12582000000.0;19221000000.0;5.46
NOV;2014-12-31;3536000000.0;2502000000.0;33562000000.0;20692000000.0;12870000000.0;21440000000.0;5.85
NOV;2015-12-31;2080000000.0;-769000000.0;26725000000.0;16383000000.0;10342000000.0;14757000000.0;-1.99
NSC;2013-12-31;1443000000.0;1910000000.0;32483000000.0;11289000000.0;21194000000.0;11245000000.0;6.1
NSC;2014-12-31;973000000.0;2000000000.0;33200000000.0;12408000000.0;20792000000.0;11624000000.0;6.44
NSC;2015-12-31;1101000000.0;1556000000.0;34139000000.0;12188000000.0;21951000000.0;10511000000.0;5.13
NSC;2016-12-31;956000000.0;1668000000.0;34892000000.0;12409000000.0;22483000000.0;9888000000.0;
NTAP;2013-04-26;3277100000.0;505300000.0;11242400000.0;4717500000.0;6524900000.0;6332400000.0;1.4
NTAP;2014-04-25;2291000000.0;638000000.0;9213800000.0;3786500000.0;5427300000.0;6325000000.0;1.87
NTAP;2015-04-24;1922000000.0;560000000.0;9401000000.0;3414000000.0;5987000000.0;6123000000.0;1.77
NTAP;2016-04-29;2868000000.0;229000000.0;10037000000.0;2881000000.0;7156000000.0;5546000000.0;0.78
NTRS;2012-12-31;61270200000.0;687300000.0;97463800000.0;7527000000.0;89936800000.0;4193500000.0;2.82
NTRS;2013-12-31;66721200000.0;731300000.0;102947300000.0;7912000000.0;95035300000.0;4311700000.0;3.01
NTRS;2014-12-31;70161900000.0;811800000.0;109946500000.0;8448900000.0;101497600000.0;4512600000.0;3.34
NTRS;2015-12-31;76167800000.0;973800000.0;116749600000.0;8705900000.0;108043700000.0;4856500000.0;4.03
NUE;2012-12-31;1052862000.0;504619000.0;14152059000.0;7641571000.0;6510488000.0;19429273000.0;1.58
NUE;2013-12-31;1483252000.0;488025000.0;15203283000.0;7645769000.0;7557514000.0;19052046000.0;1.52
NUE;2014-12-31;1024144000.0;713946000.0;15615927000.0;7772470000.0;7843457000.0;21105141000.0;2.22
NUE;2015-12-31;1939469000.0;357659000.0;14250399000.0;7416878000.0;6833521000.0;16439276000.0;1.11
NVDA;2013-01-27;732786000.0;562536000.0;6412245000.0;4827703000.0;1584542000.0;4280159000.0;0.91
NVDA;2014-01-26;1151587000.0;440000000.0;7250894000.0;4456398000.0;2794496000.0;4130000000.0;0.75
NVDA;2015-01-25;497000000.0;631000000.0;7201000000.0;4418000000.0;2783000000.0;4682000000.0;1.14
NVDA;2016-01-31;596000000.0;614000000.0;7370000000.0;4469000000.0;2901000000.0;5010000000.0;1.13
NWL;2012-12-31;183800000.0;401300000.0;6222000000.0;1996700000.0;4225300000.0;5508500000.0;1.38
NWL;2013-12-31;226300000.0;474600000.0;6069700000.0;2071500000.0;3998200000.0;5607000000.0;1.64
NWL;2014-12-31;199400000.0;377800000.0;6564300000.0;1851400000.0;4712900000.0;5727000000.0;1.37
NWL;2015-12-31;274800000.0;350000000.0;7278000000.0;1822900000.0;5455100000.0;5915700000.0;1.3
NWS;2013-06-30;2381000000.0;506000000.0;15643000000.0;12558000000.0;3065000000.0;8891000000.0;
NWS;2014-06-30;3145000000.0;239000000.0;16489000000.0;13243000000.0;3226000000.0;8486000000.0;
NWS;2015-06-30;1951000000.0;-147000000.0;15035000000.0;11945000000.0;3070000000.0;8524000000.0;
NWS;2016-06-30;2147000000.0;179000000.0;15483000000.0;11564000000.0;3899000000.0;8292000000.0;
NWSA;2013-06-30;2381000000.0;506000000.0;15643000000.0;12558000000.0;3065000000.0;8891000000.0;
NWSA;2014-06-30;3145000000.0;239000000.0;16489000000.0;13243000000.0;3226000000.0;8486000000.0;0.41
NWSA;2015-06-30;1951000000.0;-147000000.0;15035000000.0;11945000000.0;3070000000.0;8524000000.0;-0.26
NWSA;2016-06-30;2147000000.0;179000000.0;15483000000.0;11564000000.0;3899000000.0;8292000000.0;0.3
O;2012-12-31;5248000.0;159152000.0;5429348000.0;2412794000.0;3016554000.0;484581000.0;0.86
O;2013-12-31;10257000.0;245564000.0;9924441000.0;5385447000.0;4538994000.0;780209000.0;1.06
O;2014-12-31;3852000.0;270635000.0;11012622000.0;5613401000.0;5399221000.0;933505000.0;1.04
O;2015-12-31;40294000.0;283766000.0;11865870000.0;6531596000.0;5334274000.0;1023285000.0;1.09
OKE;2012-12-31;583618000.0;360619000.0;15855275000.0;2129609000.0;13725666000.0;10184121000.0;1.75
OKE;2013-12-31;145565000.0;266533000.0;17741481000.0;2337851000.0;15403630000.0;11871879000.0;1.29
OKE;2014-12-31;172812000.0;314107000.0;15261773000.0;592115000.0;14669658000.0;12195091000.0;1.5
OKE;2015-12-31;97619000.0;244977000.0;15446111000.0;335798000.0;15110313000.0;7763206000.0;1.17
OMC;2013-12-31;2710500000.0;991100000.0;22098700000.0;3582400000.0;18516300000.0;14584500000.0;3.73
OMC;2014-12-31;2388100000.0;1104000000.0;21428400000.0;2850000000.0;18578400000.0;15317800000.0;4.27
OMC;2015-12-31;2605200000.0;1093900000.0;22110700000.0;2452400000.0;19658300000.0;15134400000.0;4.43
OMC;2016-12-31;3002200000.0;1148600000.0;23165400000.0;2162000000.0;21003400000.0;15416900000.0;
ORLY;2012-12-31;248128000.0;585746000.0;5749187000.0;2108307000.0;3640880000.0;6182184000.0;4.83
ORLY;2013-12-31;231318000.0;670292000.0;6067208000.0;1966321000.0;4100887000.0;6649237000.0;6.14
ORLY;2014-12-31;250560000.0;778182000.0;6532083000.0;2018418000.0;4513665000.0;7216081000.0;7.46
ORLY;2015-12-31;116301000.0;931216000.0;6676684000.0;1961314000.0;4715370000.0;7966674000.0;9.32
OXY;2012-12-31;1592000000.0;4598000000.0;64210000000.0;40016000000.0;24194000000.0;20100000000.0;5.67
OXY;2013-12-31;3393000000.0;5903000000.0;69443000000.0;43126000000.0;26317000000.0;20170000000.0;7.33
OXY;2014-12-31;7808000000.0;630000000.0;56259000000.0;34959000000.0;21300000000.0;19312000000.0;0.79
OXY;2015-12-31;4394000000.0;-7829000000.0;43437000000.0;24350000000.0;19087000000.0;12480000000.0;-10.23
PAYX;2013-05-31;4179800000.0;569000000.0;6163700000.0;1773700000.0;4390000000.0;2326200000.0;1.56
PAYX;2014-05-31;4351100000.0;627500000.0;6370100000.0;1777000000.0;4593100000.0;2518900000.0;1.72
PAYX;2015-05-31;4443400000.0;674900000.0;6467500000.0;1785500000.0;4682000000.0;2739600000.0;1.86
PAYX;2016-05-31;4129000000.0;756800000.0;6440800000.0;1911700000.0;4529100000.0;2951900000.0;2.1
PBCT;2012-12-31;5138700000.0;245300000.0;30324400000.0;5038800000.0;25285600000.0;1355300000.0;0.72
PBCT;2013-12-31;5383500000.0;232400000.0;33213700000.0;4568400000.0;28645300000.0;1346100000.0;0.74
PBCT;2014-12-31;5457100000.0;251700000.0;35997100000.0;4633100000.0;31364000000.0;1381400000.0;0.84
PBCT;2015-12-31;6784200000.0;260100000.0;38877400000.0;4731600000.0;34145800000.0;1421300000.0;0.86
PBI;2012-12-31;913276000.0;445163000.0;7859891000.0;110631000.0;7749260000.0;3823713000.0;2.22
PBI;2013-12-31;907806000.0;142835000.0;6772708000.0;205176000.0;6567532000.0;3791335000.0;0.71
PBI;2014-12-31;1054118000.0;333755000.0;6499702000.0;77259000.0;6422443000.0;3821504000.0;1.65
PBI;2015-12-31;650557000.0;407943000.0;6141462000.0;178721000.0;5962740000.0;3578060000.0;2.04
PCAR;2012-12-31;1272400000.0;1111600000.0;18627800000.0;5846900000.0;10707700000.0;16596800000.0;3.13
PCAR;2013-12-31;1750100000.0;1171300000.0;20725500000.0;6634300000.0;11617400000.0;16661000000.0;3.31
PCAR;2014-12-31;1737600000.0;1358800000.0;20618800000.0;6753200000.0;11214000000.0;18534400000.0;3.83
PCAR;2015-12-31;2016400000.0;1604000000.0;21109800000.0;6940400000.0;11605100000.0;18671300000.0;4.52
PCG;2013-12-31;597000000.0;828000000.0;55605000000.0;14342000000.0;41011000000.0;15598000000.0;1.83
PCG;2014-12-31;449000000.0;1450000000.0;60127000000.0;15748000000.0;44127000000.0;17090000000.0;3.07
PCG;2015-12-31;357000000.0;888000000.0;63234000000.0;16576000000.0;46406000000.0;16833000000.0;1.81
PCG;2016-12-31;184000000.0;1407000000.0;68598000000.0;17940000000.0;50406000000.0;17666000000.0;
PCLN;2012-12-31;1542990000.0;1419566000.0;6569742000.0;3896975000.0;2672767000.0;5260956000.0;28.48
PCLN;2013-12-31;1300470000.0;1892663000.0;10444460000.0;6909729000.0;3534731000.0;6793306000.0;37.17
PCLN;2014-12-31;3149494000.0;2421753000.0;14770977000.0;8566694000.0;6204283000.0;8441971000.0;46.3
PCLN;2015-12-31;1478071000.0;2551360000.0;17420575000.0;8795469000.0;8625106000.0;9223987000.0;50.09
PDCO;2013-04-27;505228000.0;210272000.0;2681778000.0;1394455000.0;1287323000.0;3637212000.0;2.04
PDCO;2014-04-26;264908000.0;200612000.0;2864677000.0;1471664000.0;1393013000.0;3585141000.0;1.99
PDCO;2015-04-25;347260000.0;223261000.0;2945248000.0;1514123000.0;1431125000.0;3910865000.0;2.26
PDCO;2016-04-30;137453000.0;187184000.0;3520804000.0;1441746000.0;2079058000.0;5386703000.0;1.93
PEG;2012-12-31;379000000.0;1275000000.0;31725000000.0;10780000000.0;20945000000.0;9781000000.0;2.52
PEG;2013-12-31;493000000.0;1243000000.0;32522000000.0;11608000000.0;20914000000.0;9968000000.0;2.46
PEG;2014-12-31;402000000.0;1518000000.0;35287000000.0;12185000000.0;23102000000.0;10886000000.0;3.0
PEG;2015-12-31;394000000.0;1679000000.0;37535000000.0;13066000000.0;24469000000.0;10415000000.0;3.32
PEP;2013-12-28;9375000000.0;6740000000.0;77478000000.0;24409000000.0;53069000000.0;66415000000.0;4.37
PEP;2014-12-27;6134000000.0;6513000000.0;70509000000.0;17578000000.0;52931000000.0;66683000000.0;4.31
PEP;2015-12-26;9096000000.0;5452000000.0;69667000000.0;12068000000.0;57599000000.0;63056000000.0;3.71
PEP;2016-12-31;9158000000.0;6329000000.0;74129000000.0;11246000000.0;62883000000.0;62799000000.0;
PFE;2012-12-31;10081000000.0;14570000000.0;185798000000.0;81260000000.0;104538000000.0;54657000000.0;1.96
PFE;2013-12-31;2183000000.0;22003000000.0;172101000000.0;76307000000.0;95794000000.0;51584000000.0;3.23
PFE;2014-12-31;3343000000.0;9135000000.0;167566000000.0;71301000000.0;96265000000.0;49605000000.0;1.44
PFE;2015-12-31;3641000000.0;6960000000.0;167460000000.0;64720000000.0;102741000000.0;48851000000.0;1.13
PFG;2013-12-31;2371800000.0;912700000.0;208191400000.0;9684200000.0;198507200000.0;9289500000.0;2.99
PFG;2014-12-31;1863900000.0;1144100000.0;219087000000.0;10184000000.0;208903000000.0;10477600000.0;3.7
PFG;2015-12-31;2564800000.0;1234000000.0;218660300000.0;9311600000.0;209348700000.0;11964400000.0;4.11
PFG;2016-12-31;2719600000.0;1316500000.0;228014300000.0;10227300000.0;217787000000.0;12394100000.0;
PG;2013-12-31;535608000.0;413738000.0;2951013000.0;1952076000.0;998937000.0;2104745000.0;
PG;2014-12-31;648719000.0;338126000.0;3837672000.0;2550251000.0;1287421000.0;2819557000.0;
PG;2015-12-31;809102000.0;636056000.0;5609132000.0;3654837000.0;1954295000.0;4103728000.0;
PG;2016-12-31;535203000.0;895522000.0;6973466000.0;4449245000.0;2524221000.0;4860427000.0;
PGR;2012-12-31;179100000.0;902300000.0;22694700000.0;6007000000.0;16687700000.0;17083900000.0;1.5
PGR;2013-12-31;75100000.0;1165400000.0;24408200000.0;6189500000.0;18218700000.0;18170900000.0;1.95
PGR;2014-12-31;108400000.0;1281000000.0;25787600000.0;6928600000.0;18859000000.0;19391400000.0;2.17
PGR;2015-12-31;224400000.0;1267600000.0;29819300000.0;7289400000.0;22529900000.0;20853800000.0;2.16
PH;2013-06-30;1781412000.0;948427000.0;12540898000.0;5738426000.0;6802472000.0;13015704000.0;6.36
PH;2014-06-30;1613555000.0;1041048000.0;13274362000.0;6659428000.0;6614934000.0;13215971000.0;6.98
PH;2015-06-30;1180584000.0;1012140000.0;12279282000.0;5104287000.0;7174995000.0;12711744000.0;7.08
PH;2016-06-30;1221653000.0;806840000.0;12056738000.0;4575255000.0;7481483000.0;11360753000.0;5.96
PHM;2013-12-31;1653044000.0;2620116000.0;8734143000.0;4648952000.0;4085191000.0;5679595000.0;6.79
PHM;2014-12-31;1309220000.0;474338000.0;8569410000.0;4804954000.0;3764456000.0;5822363000.0;1.27
PHM;2015-12-31;775435000.0;494090000.0;9189406000.0;4759325000.0;4430081000.0;5981964000.0;1.38
PHM;2016-12-31;723248000.0;602703000.0;10178200000.0;4659363000.0;5518837000.0;7668476000.0;
PKI;2012-12-30;171444000.0;69940000.0;3901762000.0;1939812000.0;1961950000.0;2105188000.0;0.61
PKI;2013-12-29;173242000.0;167212000.0;3946712000.0;1994487000.0;1952225000.0;2157586000.0;1.49
PKI;2014-12-28;174821000.0;157778000.0;4127576000.0;2042102000.0;2085474000.0;2237219000.0;1.4
PKI;2016-01-03;237932000.0;212425000.0;4166295000.0;2110441000.0;2055854000.0;2262359000.0;1.89
PM;2013-12-31;2154000000.0;8576000000.0;38168000000.0;-7766000000.0;45934000000.0;80029000000.0;5.26
PM;2014-12-31;1682000000.0;7493000000.0;35187000000.0;-12629000000.0;47816000000.0;80106000000.0;4.76
PM;2015-12-31;3417000000.0;6873000000.0;33956000000.0;-13244000000.0;47200000000.0;73908000000.0;4.42
PM;2016-12-31;4239000000.0;6967000000.0;36851000000.0;-12688000000.0;49539000000.0;74953000000.0;
PNC;2012-12-31;85046000000.0;3001000000.0;305107000000.0;39003000000.0;266104000000.0;16606000000.0;5.36
PNC;2013-12-31;92091000000.0;4201000000.0;320192000000.0;42334000000.0;277858000000.0;16872000000.0;7.48
PNC;2014-12-31;106895000000.0;4184000000.0;345072000000.0;44551000000.0;300521000000.0;16281000000.0;7.44
PNC;2015-12-31;118821000000.0;4106000000.0;358493000000.0;44710000000.0;313783000000.0;16270000000.0;7.52
PNR;2012-12-31;261300000.0;-107200000.0;11882700000.0;6371100000.0;5511600000.0;4306800000.0;-0.84
PNR;2013-12-31;256000000.0;536800000.0;11743300000.0;6095300000.0;5648000000.0;6999700000.0;2.67
PNR;2014-12-31;110400000.0;214900000.0;10655200000.0;4663800000.0;5991400000.0;7039000000.0;1.13
PNR;2015-12-31;126300000.0;-76400000.0;11857000000.0;4008800000.0;7848200000.0;6449000000.0;-0.42
PNW;2012-12-31;26202000.0;413164000.0;13379615000.0;3972806000.0;9406809000.0;3301804000.0;3.48
PNW;2013-12-31;9526000.0;406074000.0;13508686000.0;4194470000.0;9314216000.0;3454628000.0;3.69
PNW;2014-12-31;7604000.0;397595000.0;14288890000.0;4367493000.0;9921397000.0;3491632000.0;3.59
PNW;2015-12-31;39488000.0;437257000.0;15028258000.0;4583917000.0;10444341000.0;3495443000.0;3.94
PPG;2013-12-31;1116000000.0;3231000000.0;15863000000.0;4932000000.0;10931000000.0;14265000000.0;22.53
PPG;2014-12-31;686000000.0;2102000000.0;17535000000.0;5180000000.0;12355000000.0;14791000000.0;15.2
PPG;2015-12-31;1311000000.0;1406000000.0;17076000000.0;4983000000.0;12093000000.0;14766000000.0;5.18
PPG;2016-12-31;1820000000.0;877000000.0;15769000000.0;4826000000.0;10943000000.0;14751000000.0;
PPL;2012-12-31;955000000.0;1526000000.0;43634000000.0;10480000000.0;33154000000.0;12132000000.0;2.61
PPL;2013-12-31;1185000000.0;1130000000.0;46259000000.0;12466000000.0;33793000000.0;7263000000.0;1.85
PPL;2014-12-31;1399000000.0;1737000000.0;48606000000.0;13628000000.0;34978000000.0;7852000000.0;2.64
PPL;2015-12-31;836000000.0;682000000.0;39301000000.0;9919000000.0;29382000000.0;7669000000.0;1.01
PRU;2012-12-31;18100000000.0;520000000.0;709235000000.0;38503000000.0;670732000000.0;84847000000.0;-0.48
PRU;2013-12-31;11439000000.0;-667000000.0;731781000000.0;35278000000.0;696503000000.0;41461000000.0;-1.55
PRU;2014-12-31;14918000000.0;1381000000.0;766655000000.0;41770000000.0;724885000000.0;54105000000.0;-2.69
PRU;2015-12-31;17612000000.0;5642000000.0;757388000000.0;41890000000.0;715498000000.0;57119000000.0;12.37
PSX;2012-12-31;3474000000.0;4124000000.0;48073000000.0;20775000000.0;27298000000.0;179290000000.0;6.55
PSX;2013-12-31;5400000000.0;3726000000.0;49798000000.0;21950000000.0;27848000000.0;171596000000.0;6.07
PSX;2014-12-31;5207000000.0;4762000000.0;48692000000.0;21590000000.0;27102000000.0;161212000000.0;8.4
PSX;2015-12-31;3074000000.0;4227000000.0;48580000000.0;23100000000.0;25480000000.0;98975000000.0;7.78
PVH;2013-02-03;892209000.0;433800000.0;7731687000.0;3252569000.0;4479118000.0;6043000000.0;5.98
PVH;2014-02-02;593200000.0;143500000.0;11575600000.0;4335200000.0;7240400000.0;8186400000.0;1.77
PVH;2015-02-01;479300000.0;439000000.0;10824900000.0;4364300000.0;6460600000.0;8241200000.0;5.33
PVH;2016-01-31;556400000.0;572400000.0;10696400000.0;4552300000.0;6144100000.0;8020300000.0;6.95
PWR;2012-12-31;394701000.0;322656000.0;5140757000.0;3766548000.0;1374209000.0;5920269000.0;1.44
PWR;2013-12-31;488777000.0;421309000.0;5793245000.0;4234188000.0;1559057000.0;6411577000.0;1.87
PWR;2014-12-31;190515000.0;315082000.0;6253583000.0;4514473000.0;1739110000.0;7747229000.0;1.35
PWR;2015-12-31;128771000.0;321824000.0;5213543000.0;3085494000.0;2128049000.0;7572436000.0;1.59
PX;2012-12-31;157000000.0;1692000000.0;18090000000.0;6064000000.0;12026000000.0;11224000000.0;5.67
PX;2013-12-31;138000000.0;1755000000.0;20255000000.0;6609000000.0;13646000000.0;11925000000.0;5.94
PX;2014-12-31;126000000.0;1694000000.0;19769000000.0;5623000000.0;14146000000.0;12273000000.0;5.79
PX;2015-12-31;147000000.0;1547000000.0;18319000000.0;4389000000.0;13930000000.0;10776000000.0;5.39
PYPL;2014-12-31;2201000000.0;419000000.0;21917000000.0;8248000000.0;13669000000.0;8025000000.0;
PYPL;2015-12-31;1393000000.0;1228000000.0;28881000000.0;13759000000.0;15122000000.0;9248000000.0;1.0
PYPL;2016-12-31;1590000000.0;1401000000.0;33103000000.0;14712000000.0;18391000000.0;10842000000.0;
QCOM;2013-09-29;6142000000.0;6853000000.0;45516000000.0;36088000000.0;9428000000.0;24866000000.0;3.99
QCOM;2014-09-28;7907000000.0;7967000000.0;48574000000.0;39169000000.0;9405000000.0;26487000000.0;4.73
QCOM;2015-09-27;7560000000.0;5271000000.0;50796000000.0;31421000000.0;19375000000.0;25281000000.0;3.26
QCOM;2016-09-25;5946000000.0;5705000000.0;52359000000.0;31778000000.0;20581000000.0;23554000000.0;3.84
QRVO;2014-03-29;171898000.0;12642000.0;920312000.0;676351000.0;243961000.0;1148231000.0;
QRVO;2015-03-28;299814000.0;196303000.0;6892379000.0;6173160000.0;719219000.0;1710966000.0;2.17
QRVO;2016-04-02;425881000.0;-28845000.0;6596819000.0;4999672000.0;1597147000.0;2610726000.0;-0.2
R;2013-12-31;61562000.0;237871000.0;9103782000.0;1896714000.0;7207068000.0;6419285000.0;4.57
R;2014-12-31;50092000.0;218341000.0;9850871000.0;1819087000.0;8031784000.0;6638774000.0;4.14
R;2015-12-31;60945000.0;304768000.0;10952580000.0;1987111000.0;8965469000.0;6571893000.0;5.75
R;2016-12-31;58801000.0;262477000.0;10902454000.0;2052275000.0;8850179000.0;6786984000.0;
RCL;2012-12-31;310509000.0;18287000.0;19827930000.0;8308749000.0;11519181000.0;7688024000.0;0.08
RCL;2013-12-31;380377000.0;473692000.0;20072947000.0;8808265000.0;11264682000.0;7959894000.0;2.16
RCL;2014-12-31;189241000.0;764146000.0;20713190000.0;8284359000.0;12428831000.0;8073855000.0;3.45
RCL;2015-12-31;390713000.0;665783000.0;20921855000.0;8063039000.0;12858816000.0;8299074000.0;3.03
REGN;2013-12-31;535608000.0;413738000.0;2951013000.0;1952076000.0;998937000.0;2104745000.0;4.33
REGN;2014-12-31;648719000.0;338126000.0;3837672000.0;2550251000.0;1287421000.0;2819557000.0;3.46
REGN;2015-12-31;809102000.0;636056000.0;5609132000.0;3654837000.0;1954295000.0;4103728000.0;6.17
REGN;2016-12-31;535203000.0;895522000.0;6973466000.0;4449245000.0;2524221000.0;4860427000.0;
RHI;2013-12-31;275764000.0;252195000.0;1490271000.0;919643000.0;570628000.0;4245895000.0;1.85
RHI;2014-12-31;287119000.0;305928000.0;1647267000.0;979858000.0;667409000.0;4695014000.0;2.28
RHI;2015-12-31;224577000.0;357796000.0;1671044000.0;1003781000.0;667263000.0;5094933000.0;2.72
RHI;2016-12-31;260201000.0;343389000.0;1777971000.0;1086599000.0;691372000.0;5250399000.0;
RHT;2013-02-28;487084000.0;150204000.0;2813660000.0;1520161000.0;1293499000.0;1328817000.0;0.78
RHT;2014-02-28;646742000.0;178292000.0;3106619000.0;1551165000.0;1555454000.0;1534615000.0;0.94
RHT;2015-02-28;1047473000.0;180201000.0;3784569000.0;1288338000.0;2496231000.0;1789489000.0;0.97
RHT;2016-02-29;927778000.0;199365000.0;4155099000.0;1334432000.0;2820667000.0;2052230000.0;1.09
RL;2013-03-30;974000000.0;750000000.0;5418000000.0;3785000000.0;1633000000.0;6945000000.0;8.21
RL;2014-03-29;797000000.0;776000000.0;6088000000.0;4034000000.0;2054000000.0;7450000000.0;8.55
RL;2015-03-28;500000000.0;702000000.0;6106000000.0;3891000000.0;2215000000.0;7620000000.0;7.96
RL;2016-04-02;456000000.0;396000000.0;6213000000.0;3744000000.0;2469000000.0;7405000000.0;4.65
ROK;2013-09-30;1200900000.0;756300000.0;5844600000.0;2585500000.0;3259100000.0;6351900000.0;5.43
ROK;2014-09-30;1191300000.0;826800000.0;6224300000.0;2658100000.0;3566200000.0;6623500000.0;5.98
ROK;2015-09-30;1427300000.0;827600000.0;6404700000.0;2256800000.0;4147900000.0;6307900000.0;6.15
ROK;2016-09-30;1526400000.0;729700000.0;7101200000.0;1990100000.0;5111100000.0;5879500000.0;5.6
ROP;2012-12-31;370590000.0;483360000.0;7071104000.0;3687726000.0;3383378000.0;2993489000.0;4.95
ROP;2013-12-31;459720000.0;538293000.0;8184981000.0;4213050000.0;3971931000.0;3238128000.0;5.43
ROP;2014-12-31;610430000.0;646033000.0;8400185000.0;4755360000.0;3644825000.0;3549494000.0;6.47
ROP;2015-12-31;778511000.0;696067000.0;10168365000.0;5298947000.0;4869418000.0;3582395000.0;6.92
ROST;2013-02-02;646761000.0;786763000.0;3670561000.0;1766863000.0;1903698000.0;9721065000.0;3.59
ROST;2014-02-01;423168000.0;837304000.0;3896797000.0;2007302000.0;1889495000.0;10230353000.0;3.93
ROST;2015-01-31;696608000.0;924724000.0;4687370000.0;2279210000.0;2408160000.0;11041677000.0;4.47
ROST;2016-01-30;761602000.0;1020661000.0;4869119000.0;2471991000.0;2397128000.0;11939999000.0;2.53
RRC;2012-12-31;252000.0;13002000.0;6728735000.0;2357392000.0;4371343000.0;1367135000.0;0.08
RRC;2013-12-31;348000.0;115722000.0;7299086000.0;2414452000.0;4884634000.0;1832253000.0;0.71
RRC;2014-12-31;448000.0;634382000.0;8704604000.0;3457429000.0;5247175000.0;2042537000.0;3.81
RRC;2015-12-31;471000.0;-713685000.0;6900031000.0;2759658000.0;4140373000.0;1181704000.0;-4.29
RSG;2013-12-31;213300000.0;588900000.0;19949200000.0;7903500000.0;12045700000.0;8417200000.0;1.63
RSG;2014-12-31;75200000.0;547600000.0;20094000000.0;7745300000.0;12348700000.0;8803300000.0;1.54
RSG;2015-12-31;32400000.0;749900000.0;20535900000.0;7774100000.0;12761800000.0;9115000000.0;2.14
RSG;2016-12-31;67800000.0;612600000.0;20629600000.0;7691300000.0;12938300000.0;9387700000.0;
SBUX;2013-09-29;2575700000.0;8300000.0;11516700000.0;4480200000.0;7036500000.0;14866800000.0;0.01
SBUX;2014-09-28;1708400000.0;2068100000.0;10752900000.0;5272000000.0;5480900000.0;16447800000.0;2.75
SBUX;2015-09-27;1530100000.0;2757400000.0;12416300000.0;5818000000.0;6598300000.0;19162700000.0;1.84
SBUX;2016-10-02;2128800000.0;2817700000.0;14329500000.0;5884000000.0;8445500000.0;21315900000.0;1.91
SCG;2012-12-31;72000000.0;420000000.0;14616000000.0;4154000000.0;10462000000.0;4176000000.0;3.2
SCG;2013-12-31;136000000.0;471000000.0;15164000000.0;4664000000.0;10500000000.0;4495000000.0;3.4
SCG;2014-12-31;137000000.0;538000000.0;16818000000.0;4987000000.0;11831000000.0;4951000000.0;3.79
SCG;2015-12-31;176000000.0;746000000.0;17146000000.0;5443000000.0;11703000000.0;4380000000.0;5.22
SCHW;2012-12-31;41132000000.0;928000000.0;133637000000.0;9589000000.0;124048000000.0;4883000000.0;0.69
SCHW;2013-12-31;31281000000.0;1071000000.0;143642000000.0;10381000000.0;133261000000.0;5435000000.0;0.78
SCHW;2014-12-31;32144000000.0;1321000000.0;154642000000.0;11803000000.0;142839000000.0;6058000000.0;0.96
SCHW;2015-12-31;31576000000.0;1447000000.0;183718000000.0;13402000000.0;170316000000.0;6380000000.0;1.04
SE;2012-12-31;94000000.0;940000000.0;30587000000.0;8972000000.0;21615000000.0;5075000000.0;1.44
SE;2013-12-31;201000000.0;1038000000.0;33533000000.0;8494000000.0;25039000000.0;5518000000.0;1.55
SE;2014-12-31;215000000.0;1082000000.0;33998000000.0;8160000000.0;25838000000.0;5903000000.0;1.61
SE;2015-12-31;213000000.0;196000000.0;32923000000.0;6526000000.0;26397000000.0;5234000000.0;0.29
SEE;2013-12-31;992400000.0;125800000.0;9176000000.0;1414900000.0;7761100000.0;7690800000.0;0.64
SEE;2014-12-31;286400000.0;155600000.0;7953200000.0;1162800000.0;6790400000.0;7750500000.0;1.22
SEE;2015-12-31;351700000.0;225400000.0;7405000000.0;527100000.0;6877900000.0;7031500000.0;1.63
SEE;2016-12-31;363700000.0;486300000.0;7389100000.0;609700000.0;6779400000.0;6778300000.0;
SHW;2012-12-31;862590000.0;631034000.0;6234737000.0;1791804000.0;4442933000.0;9534462000.0;6.15
SHW;2013-12-31;744889000.0;752561000.0;6382507000.0;1774535000.0;4607972000.0;10185532000.0;7.41
SHW;2014-12-31;40732000.0;865887000.0;5706052000.0;996470000.0;4709582000.0;11129533000.0;8.95
SHW;2015-12-31;205744000.0;1053849000.0;5791855000.0;867910000.0;4923945000.0;11339304000.0;11.38
SIG;2013-02-02;301000000.0;359900000.0;3719000000.0;2329900000.0;1389100000.0;3983400000.0;4.37
SIG;2014-02-01;247600000.0;368000000.0;4029200000.0;2563100000.0;1466100000.0;4209200000.0;4.59
SIG;2015-02-02;193600000.0;381300000.0;6214300000.0;2810400000.0;3403900000.0;5736300000.0;
SIG;2016-01-30;137700000.0;467900000.0;6474400000.0;3060700000.0;3413700000.0;6550200000.0;5.89
SJM;2013-04-30;256400000.0;544200000.0;9031800000.0;5148800000.0;3883000000.0;5897700000.0;5.0
SJM;2014-04-30;153500000.0;565200000.0;9060200000.0;5029600000.0;4030600000.0;5610600000.0;5.42
SJM;2015-04-30;125600000.0;344900000.0;16806300000.0;7086900000.0;9719400000.0;5692700000.0;3.33
SJM;2016-04-30;109800000.0;688700000.0;15984100000.0;7008500000.0;8975600000.0;7811200000.0;5.77
SLG;2012-12-31;1674489000.0;196405000.0;14386296000.0;6419802000.0;7966494000.0;1290052000.0;1.75
SLG;2013-12-31;1653582000.0;135371000.0;14959001000.0;6525405000.0;8433596000.0;1371065000.0;0.39
SLG;2014-12-31;1839389000.0;518056000.0;17096587000.0;6937374000.0;10159213000.0;1519978000.0;0.59
SLG;2015-12-31;2158997000.0;284084000.0;19857941000.0;7287465000.0;12570476000.0;1662829000.0;1.02
SNA;2013-12-31;217600000.0;350300000.0;4110000000.0;2113200000.0;1996800000.0;3237500000.0;
SNA;2015-01-03;132900000.0;421900000.0;4310100000.0;2207800000.0;2102300000.0;3492600000.0;7.26
SNA;2016-01-02;92800000.0;478700000.0;4331100000.0;2412700000.0;1918400000.0;3593100000.0;8.24
SNA;2016-12-31;77600000.0;546400000.0;4723200000.0;2617200000.0;2106000000.0;3711800000.0;
SNI;2012-12-31;437525000.0;681478000.0;4138798000.0;1820924000.0;2317874000.0;2307182000.0;4.48
SNI;2013-12-31;686371000.0;505070000.0;4438447000.0;2099003000.0;2339444000.0;2530809000.0;3.43
SNI;2014-12-31;878164000.0;545275000.0;4657481000.0;1382447000.0;3275034000.0;2665456000.0;3.86
SNI;2015-12-31;223444000.0;606828000.0;6672314000.0;1523931000.0;5148383000.0;3018227000.0;4.68
SO;2012-12-31;635000000.0;2415000000.0;63149000000.0;19004000000.0;43770000000.0;16537000000.0;2.7
SO;2013-12-31;659000000.0;1710000000.0;64546000000.0;19764000000.0;44407000000.0;17087000000.0;1.88
SO;2014-12-31;710000000.0;2031000000.0;70233000000.0;20926000000.0;48932000000.0;18467000000.0;2.19
SO;2015-12-31;1404000000.0;2421000000.0;78318000000.0;21982000000.0;56218000000.0;17489000000.0;2.6
SPG;2012-12-31;1184518000.0;1719632000.0;32586606000.0;5910603000.0;26676003000.0;4256157000.0;4.72
SPG;2013-12-31;1691006000.0;1551590000.0;33324574000.0;5849406000.0;27475168000.0;4543849000.0;4.24
SPG;2014-12-31;612282000.0;1651526000.0;29532330000.0;5093177000.0;24439153000.0;4870818000.0;4.52
SPG;2015-12-31;701134000.0;2139375000.0;30650673000.0;4471464000.0;26179209000.0;5266103000.0;5.88
SPGI;2013-12-31;1542000000.0;1376000000.0;6061000000.0;1301000000.0;4760000000.0;4702000000.0;5.01
SPGI;2014-12-31;2497000000.0;-115000000.0;6773000000.0;488000000.0;6285000000.0;5051000000.0;-0.42
SPGI;2015-12-31;1481000000.0;1156000000.0;8183000000.0;194000000.0;7989000000.0;5313000000.0;4.26
SPGI;2016-12-31;2392000000.0;2106000000.0;8669000000.0;650000000.0;8019000000.0;5661000000.0;
SPLS;2013-02-02;1334302000.0;-210706000.0;12280005000.0;6128153000.0;6151852000.0;24380510000.0;-0.31
SPLS;2014-02-01;492532000.0;620000000.0;11174876000.0;6132263000.0;5042613000.0;23114000000.0;0.95
SPLS;2015-01-31;627000000.0;135000000.0;10308000000.0;5305000000.0;5003000000.0;22492000000.0;0.21
SPLS;2016-01-30;825000000.0;379000000.0;10172000000.0;5376000000.0;4796000000.0;21059000000.0;0.59
SRCL;2012-12-31;31324000.0;267996000.0;3546738000.0;1541793000.0;2004945000.0;1913149000.0;3.14
SRCL;2013-12-31;67167000.0;311372000.0;3887973000.0;1750461000.0;2137512000.0;2142807000.0;3.62
SRCL;2014-12-31;22236000.0;326456000.0;4373302000.0;1895012000.0;2478290000.0;2555601000.0;3.84
SRCL;2015-12-31;55634000.0;267046000.0;7077450000.0;2729891000.0;4347559000.0;2985908000.0;3.02
SRE;2012-12-31;521000000.0;865000000.0;36499000000.0;10282000000.0;26138000000.0;9647000000.0;3.56
SRE;2013-12-31;928000000.0;1009000000.0;37244000000.0;11008000000.0;26236000000.0;10557000000.0;4.1
SRE;2014-12-31;581000000.0;1162000000.0;39651000000.0;11326000000.0;28325000000.0;11035000000.0;4.72
SRE;2015-12-31;430000000.0;1350000000.0;41150000000.0;11809000000.0;29341000000.0;10231000000.0;5.43
STI;2012-12-31;36437000000.0;1958000000.0;173442000000.0;20985000000.0;152457000000.0;11240000000.0;3.62
STI;2013-12-31;32845000000.0;1344000000.0;175335000000.0;21422000000.0;153913000000.0;8602000000.0;2.43
STI;2014-12-31;34999000000.0;1774000000.0;190328000000.0;23005000000.0;167323000000.0;8707000000.0;3.26
STI;2015-12-31;33424000000.0;1933000000.0;190817000000.0;23437000000.0;167380000000.0;8533000000.0;3.62
STT;2013-12-31;191464000000.0;2050000000.0;243291000000.0;20378000000.0;222913000000.0;10275000000.0;4.71
STT;2014-12-31;211328000000.0;2022000000.0;274119000000.0;21328000000.0;252791000000.0;10666000000.0;4.65
STT;2015-12-31;180820000000.0;1980000000.0;245155000000.0;21103000000.0;224052000000.0;10760000000.0;4.53
STT;2016-12-31;172396000000.0;2143000000.0;242698000000.0;21219000000.0;221479000000.0;10635000000.0;
STX;2013-06-28;1809000000.0;1838000000.0;9243000000.0;3495000000.0;5748000000.0;14351000000.0;4.97
STX;2014-06-27;2638000000.0;1570000000.0;9492000000.0;2832000000.0;6660000000.0;13724000000.0;4.66
STX;2015-07-03;2479000000.0;1742000000.0;9845000000.0;3018000000.0;6827000000.0;13739000000.0;5.38
STX;2016-07-01;1125000000.0;248000000.0;8252000000.0;1593000000.0;6659000000.0;11160000000.0;0.83
STZ;2013-02-28;331500000.0;387800000.0;7638100000.0;2860300000.0;4777800000.0;2796100000.0;
STZ;2014-02-28;63900000.0;1943100000.0;14302100000.0;4981300000.0;9320800000.0;4867700000.0;
STZ;2015-02-28;110100000.0;839300000.0;15093000000.0;5770700000.0;9322300000.0;6028000000.0;
STZ;2016-02-29;83100000.0;1054900000.0;16965000000.0;6559600000.0;10405400000.0;6548400000.0;
SWK;2013-12-28;496200000.0;469700000.0;16535100000.0;6799200000.0;9735900000.0;10889500000.0;3.16
SWK;2015-01-03;496600000.0;760900000.0;15849100000.0;6429100000.0;9420000000.0;11338600000.0;
SWK;2016-01-02;465400000.0;883700000.0;15127800000.0;5811600000.0;9316200000.0;11171800000.0;5.96
SWK;2016-12-31;1131800000.0;965300000.0;15634900000.0;6367000000.0;9267900000.0;11406900000.0;
SWKS;2013-09-27;511100000.0;278100000.0;2333100000.0;2101100000.0;232000000.0;1792000000.0;1.48
SWKS;2014-10-03;805800000.0;457700000.0;2973800000.0;2532400000.0;441400000.0;2291500000.0;2.44
SWKS;2015-10-02;1043600000.0;798300000.0;3719400000.0;3159200000.0;560200000.0;3258400000.0;4.21
SWKS;2016-09-30;1083800000.0;995200000.0;3855400000.0;3541400000.0;314000000.0;3289000000.0;5.27
SWN;2012-12-31;62125000.0;-707000000.0;6737527000.0;3035872000.0;3701655000.0;2730000000.0;-2.03
SWN;2013-12-31;23000000.0;704000000.0;8048000000.0;3622000000.0;4426000000.0;3371000000.0;2.01
SWN;2014-12-31;53000000.0;924000000.0;14925000000.0;4662000000.0;10263000000.0;4038000000.0;2.63
SWN;2015-12-31;15000000.0;-4556000000.0;8110000000.0;2282000000.0;5828000000.0;3133000000.0;
SYF;2012-12-31;1527000000.0;2119000000.0;53462000000.0;4582000000.0;48880000000.0;10793000000.0;
SYF;2013-12-31;2555000000.0;1979000000.0;59085000000.0;5960000000.0;53125000000.0;11813000000.0;
SYF;2014-12-31;13426000000.0;2109000000.0;75707000000.0;10478000000.0;65229000000.0;12727000000.0;2.78
SYF;2015-12-31;15467000000.0;2214000000.0;84135000000.0;12604000000.0;71531000000.0;13620000000.0;2.66
SYK;2013-12-31;1339000000.0;1006000000.0;15743000000.0;9047000000.0;6696000000.0;9021000000.0;2.66
SYK;2014-12-31;1795000000.0;515000000.0;17279000000.0;8595000000.0;8684000000.0;9675000000.0;1.36
SYK;2015-12-31;3379000000.0;1439000000.0;16223000000.0;8511000000.0;7712000000.0;9946000000.0;3.82
SYK;2016-12-31;3316000000.0;1647000000.0;20435000000.0;9550000000.0;10885000000.0;11325000000.0;
SYMC;2013-03-29;4685000000.0;755000000.0;14508000000.0;5476000000.0;9032000000.0;6906000000.0;1.09
SYMC;2014-03-28;3707000000.0;898000000.0;13539000000.0;5797000000.0;7742000000.0;4183000000.0;1.29
SYMC;2015-04-03;2843000000.0;878000000.0;13233000000.0;5935000000.0;7298000000.0;3956000000.0;1.27
SYMC;2016-04-01;5983000000.0;2488000000.0;11767000000.0;3676000000.0;8091000000.0;3600000000.0;3.71
SYY;2013-06-29;412285000.0;992427000.0;12678208000.0;5191810000.0;7486398000.0;44411233000.0;1.68
SYY;2014-06-28;413046000.0;931533000.0;13141113000.0;5266695000.0;7874418000.0;46516712000.0;1.59
SYY;2015-06-27;5130044000.0;686773000.0;17989281000.0;5260224000.0;12729057000.0;48680752000.0;1.16
SYY;2016-07-02;3919300000.0;949622000.0;16721804000.0;3479608000.0;13242196000.0;50366919000.0;1.66
T;2012-12-31;4868000000.0;7264000000.0;272315000000.0;92362000000.0;179953000000.0;127434000000.0;1.25
T;2013-12-31;3339000000.0;18418000000.0;277787000000.0;90988000000.0;186799000000.0;128752000000.0;3.39
T;2014-12-31;8603000000.0;6442000000.0;296834000000.0;89716000000.0;207118000000.0;132447000000.0;1.19
T;2015-12-31;5121000000.0;13345000000.0;402672000000.0;122671000000.0;280001000000.0;146801000000.0;2.37
TAP;2013-12-31;442300000.0;567300000.0;15580100000.0;8605200000.0;6974900000.0;4206100000.0;3.1
TAP;2014-12-31;624600000.0;514000000.0;13980100000.0;7863300000.0;6116800000.0;4146300000.0;2.78
TAP;2015-12-31;430900000.0;359500000.0;12276300000.0;7043000000.0;5233300000.0;3567500000.0;1.94
TAP;2016-12-31;560900000.0;1975900000.0;29341500000.0;11418700000.0;17922800000.0;4885000000.0;
TDC;2012-12-31;729000000.0;419000000.0;3066000000.0;1779000000.0;1287000000.0;2665000000.0;2.49
TDC;2013-12-31;695000000.0;377000000.0;3096000000.0;1857000000.0;1239000000.0;2692000000.0;2.31
TDC;2014-12-31;834000000.0;367000000.0;3132000000.0;1707000000.0;1425000000.0;2732000000.0;2.36
TDC;2015-12-31;839000000.0;-214000000.0;2530000000.0;849000000.0;1681000000.0;2530000000.0;-1.53
TDG;2013-09-30;564740000.0;302789000.0;6148879000.0;-336381000.0;6485260000.0;1924400000.0;-0.2
TDG;2014-09-30;819548000.0;306910000.0;6756848000.0;-1556099000.0;8312947000.0;2372906000.0;1.91
TDG;2015-09-30;714033000.0;447212000.0;8303935000.0;-1038306000.0;9342241000.0;2707115000.0;2.5
TDG;2016-09-30;1586994000.0;586414000.0;10726277000.0;-651490000.0;11377767000.0;3171411000.0;2.77
TEL;2013-09-27;1403000000.0;1276000000.0;18461000000.0;8380000000.0;10081000000.0;11390000000.0;3.05
TEL;2014-09-26;2457000000.0;1781000000.0;20152000000.0;9007000000.0;11145000000.0;11973000000.0;4.34
TEL;2015-09-25;3329000000.0;2420000000.0;20589000000.0;9585000000.0;11004000000.0;12233000000.0;5.98
TEL;2016-09-30;647000000.0;2009000000.0;17608000000.0;8485000000.0;9123000000.0;12238000000.0;5.49
TGNA;2012-12-30;175030000.0;424280000.0;6379886000.0;2350614000.0;4029272000.0;5353197000.0;1.83
TGNA;2013-12-29;469203000.0;388680000.0;9240706000.0;2693098000.0;6547608000.0;1603123000.0;1.7
TGNA;2014-12-31;110305000.0;1062171000.0;11242195000.0;3254914000.0;7987281000.0;2626141000.0;
TGNA;2015-12-31;129200000.0;459522000.0;8537758000.0;2191971000.0;6345787000.0;3050945000.0;2.04
TGT;2013-02-02;784000000.0;2999000000.0;48163000000.0;16558000000.0;31605000000.0;73301000000.0;4.57
TGT;2014-02-01;670000000.0;1971000000.0;44553000000.0;16231000000.0;28322000000.0;71279000000.0;3.1
TGT;2015-01-31;2210000000.0;-1636000000.0;41172000000.0;13997000000.0;27175000000.0;72618000000.0;-2.58
TGT;2016-01-30;4046000000.0;3363000000.0;40262000000.0;12957000000.0;27305000000.0;73785000000.0;5.35
TIF;2013-01-31;504838000.0;416157000.0;4630850000.0;2598732000.0;2032118000.0;3794249000.0;3.28
TIF;2014-01-31;345778000.0;181400000.0;4752351000.0;2720437000.0;2031914000.0;4031100000.0;1.42
TIF;2015-01-31;730000000.0;484200000.0;5180600000.0;2835100000.0;2345500000.0;4249900000.0;3.75
TIF;2016-01-31;843600000.0;463900000.0;5129700000.0;2911400000.0;2218300000.0;4104900000.0;3.61
TJX;2013-02-02;1811957000.0;1906687000.0;9511855000.0;3665937000.0;5845918000.0;25878372000.0;2.6
TJX;2014-02-01;2149746000.0;2137396000.0;10201022000.0;4229893000.0;5971129000.0;27422696000.0;3.0
TJX;2015-01-31;2493775000.0;2215128000.0;10988750000.0;4264230000.0;6724520000.0;29078407000.0;3.2
TJX;2016-01-30;2095473000.0;2277658000.0;11499482000.0;4307075000.0;7192407000.0;30944938000.0;3.38
TMK;2012-12-31;61710000.0;529324000.0;18776910000.0;4361786000.0;14415124000.0;3589516000.0;5.48
TMK;2013-12-31;36943000.0;528472000.0;18191744000.0;3776342000.0;14415402000.0;3494253000.0;5.76
TMK;2014-12-31;66019000.0;542939000.0;20272259000.0;4697466000.0;15574793000.0;3620095000.0;4.15
TMK;2015-12-31;61383000.0;527100000.0;19853213000.0;4055552000.0;15797661000.0;3766065000.0;4.21
TMO;2012-12-31;805600000.0;1177900000.0;27444600000.0;15464700000.0;11979900000.0;12509900000.0;3.24
TMO;2013-12-31;5826000000.0;1273300000.0;31863400000.0;16856100000.0;15007300000.0;13090300000.0;3.53
TMO;2014-12-31;1343500000.0;1894400000.0;42852100000.0;20548100000.0;22304000000.0;16889600000.0;4.76
TMO;2015-12-31;452100000.0;1975400000.0;40889000000.0;21350200000.0;19538800000.0;16965400000.0;4.96
TRIP;2012-12-31;367515000.0;194000000.0;1299194000.0;726968000.0;572226000.0;763000000.0;1.39
TRIP;2013-12-31;351000000.0;205000000.0;1473000000.0;865000000.0;608000000.0;945000000.0;1.44
TRIP;2014-12-31;455000000.0;226000000.0;1948000000.0;1125000000.0;823000000.0;1246000000.0;1.58
TRIP;2015-12-31;614000000.0;198000000.0;2128000000.0;1412000000.0;716000000.0;1492000000.0;1.38
TRV;2013-12-31;294000000.0;3673000000.0;103812000000.0;24796000000.0;79016000000.0;26191000000.0;9.84
TRV;2014-12-31;374000000.0;3692000000.0;103078000000.0;24836000000.0;78242000000.0;27174000000.0;10.82
TRV;2015-12-31;380000000.0;3439000000.0;100184000000.0;23598000000.0;76586000000.0;26815000000.0;10.99
TRV;2016-12-31;307000000.0;3014000000.0;100245000000.0;23221000000.0;77024000000.0;27625000000.0;
TSCO;2012-12-29;147030000.0;276457000.0;1706808000.0;1024974000.0;681834000.0;4664120000.0;3.89
TSCO;2013-12-28;142743000.0;328234000.0;1903391000.0;1246894000.0;656497000.0;5164784000.0;2.35
TSCO;2014-12-27;51134000.0;370885000.0;2034571000.0;1293561000.0;741010000.0;5711715000.0;2.69
TSCO;2015-12-26;63813000.0;410395000.0;2370826000.0;1393294000.0;977532000.0;6226507000.0;3.03
TSN;2013-10-03;1145000000.0;778000000.0;12177000000.0;6201000000.0;5976000000.0;34374000000.0;
TSN;2014-10-03;438000000.0;864000000.0;23956000000.0;8890000000.0;15066000000.0;37580000000.0;
TSN;2015-10-03;688000000.0;1220000000.0;22969000000.0;9691000000.0;13278000000.0;41373000000.0;
TSN;2016-10-01;349000000.0;1768000000.0;22373000000.0;9608000000.0;12765000000.0;36881000000.0;
TSO;2012-12-31;1639000000.0;743000000.0;10702000000.0;4251000000.0;6451000000.0;29809000000.0;5.33
TSO;2013-12-31;1238000000.0;412000000.0;13389000000.0;4302000000.0;9087000000.0;37601000000.0;3.05
TSO;2014-12-31;1000000000.0;843000000.0;16491000000.0;4454000000.0;12037000000.0;40633000000.0;6.56
TSO;2015-12-31;942000000.0;1540000000.0;16332000000.0;5213000000.0;11119000000.0;28711000000.0;12.5
TSS;2012-12-31;247612000.0;249923000.0;2023838000.0;1425210000.0;598628000.0;1793557000.0;1.3
TSS;2013-12-31;247700000.0;256597000.0;3686568000.0;1581077000.0;2105491000.0;2064305000.0;1.3
TSS;2014-12-31;289183000.0;329406000.0;3733581000.0;1692762000.0;2040819000.0;2446877000.0;1.73
TSS;2015-12-31;389328000.0;369041000.0;3908300000.0;1843018000.0;2065282000.0;2779541000.0;1.98
TXN;2012-12-31;1416000000.0;1759000000.0;20021000000.0;10961000000.0;9060000000.0;12825000000.0;1.53
TXN;2013-12-31;1627000000.0;2162000000.0;18938000000.0;10807000000.0;8131000000.0;12205000000.0;1.94
TXN;2014-12-31;1199000000.0;2821000000.0;17372000000.0;10390000000.0;6982000000.0;13045000000.0;2.61
TXN;2015-12-31;1000000000.0;2986000000.0;16230000000.0;9946000000.0;6284000000.0;13000000000.0;2.86
TXT;2012-12-29;1413000000.0;589000000.0;13033000000.0;2991000000.0;10042000000.0;12237000000.0;2.1
TXT;2013-12-28;1211000000.0;498000000.0;12944000000.0;4384000000.0;8560000000.0;12104000000.0;1.78
TXT;2015-01-03;822000000.0;600000000.0;14605000000.0;4272000000.0;10333000000.0;13878000000.0;2.15
TXT;2016-01-02;1005000000.0;697000000.0;14708000000.0;4964000000.0;9744000000.0;13423000000.0;2.52
UA;2012-12-31;341841000.0;128778000.0;1157083000.0;816922000.0;340161000.0;1834921000.0;1.23
UA;2013-12-31;347489000.0;162330000.0;1577741000.0;1053354000.0;524387000.0;2332051000.0;1.54
UA;2014-12-31;593175000.0;208042000.0;2095083000.0;1350300000.0;744783000.0;3084370000.0;0.98
UA;2015-12-31;129852000.0;232573000.0;2868900000.0;1668222000.0;1200678000.0;3963313000.0;1.08
UAA;2012-12-31;341841000.0;128778000.0;1157083000.0;816922000.0;340161000.0;1834921000.0;
UAA;2013-12-31;347489000.0;162330000.0;1577741000.0;1053354000.0;524387000.0;2332051000.0;
UAA;2014-12-31;593175000.0;208042000.0;2095083000.0;1350300000.0;744783000.0;3084370000.0;
UAA;2015-12-31;129852000.0;232573000.0;2868900000.0;1668222000.0;1200678000.0;3963313000.0;
UAL;2012-12-31;4835000000.0;-723000000.0;37628000000.0;481000000.0;37147000000.0;37152000000.0;-2.18
UAL;2013-12-31;3251000000.0;571000000.0;36812000000.0;2984000000.0;33828000000.0;38279000000.0;1.64
UAL;2014-12-31;3156000000.0;1132000000.0;36595000000.0;2396000000.0;34199000000.0;38901000000.0;3.05
UAL;2015-12-31;3058000000.0;7340000000.0;40861000000.0;8966000000.0;31895000000.0;37864000000.0;19.52
UDR;2012-12-31;35676000.0;212177000.0;6859103000.0;2992916000.0;3866187000.0;716612000.0;0.85
UDR;2013-12-31;53045000.0;44812000.0;6807722000.0;2811648000.0;3996074000.0;758926000.0;0.16
UDR;2014-12-31;37564000.0;154334000.0;6828728000.0;2735097000.0;4093631000.0;818046000.0;0.6
UDR;2015-12-31;27540000.0;340383000.0;7663844000.0;2899755000.0;4764089000.0;894638000.0;1.3
UHS;2012-12-31;23471000.0;443446000.0;8200843000.0;2713345000.0;5487498000.0;6961400000.0;4.57
UHS;2013-12-31;17238000.0;510733000.0;8311723000.0;3249979000.0;5061744000.0;7367873000.0;5.21
UHS;2014-12-31;32069000.0;545343000.0;8974443000.0;3735946000.0;5238497000.0;8205088000.0;5.52
UHS;2015-12-31;61228000.0;680528000.0;9634113000.0;4249647000.0;5384466000.0;9043451000.0;6.89
ULTA;2013-02-02;320475000.0;172549000.0;1275249000.0;786942000.0;488307000.0;2220256000.0;2.73
ULTA;2014-02-02;419476000.0;202849000.0;1602727000.0;1003094000.0;599633000.0;2670573000.0;
ULTA;2015-01-31;389149000.0;257135000.0;1983170000.0;1247509000.0;735661000.0;3241369000.0;4.0
ULTA;2016-01-31;345840000.0;320008000.0;2230918000.0;1442886000.0;788032000.0;3924116000.0;
UNH;2013-12-31;7276000000.0;5625000000.0;81882000000.0;32149000000.0;49733000000.0;122489000000.0;5.59
UNH;2014-12-31;7495000000.0;5619000000.0;86382000000.0;32454000000.0;53928000000.0;130474000000.0;5.78
UNH;2015-12-31;10923000000.0;5813000000.0;111254000000.0;33830000000.0;77424000000.0;157107000000.0;6.1
UNH;2016-12-31;10430000000.0;7017000000.0;122810000000.0;38274000000.0;84536000000.0;184840000000.0;
UNM;2012-12-31;77300000.0;894400000.0;62236100000.0;8612600000.0;53623500000.0;10515400000.0;3.18
UNM;2013-12-31;94100000.0;847000000.0;59403600000.0;8659100000.0;50744500000.0;10368600000.0;3.24
UNM;2014-12-31;102500000.0;402100000.0;62450200000.0;8521900000.0;53928300000.0;10524500000.0;1.62
UNM;2015-12-31;112900000.0;867100000.0;60589700000.0;8663900000.0;51925800000.0;10731300000.0;3.51
UNP;2013-12-31;1432000000.0;4388000000.0;49731000000.0;21225000000.0;28506000000.0;21963000000.0;9.47
UNP;2014-12-31;1586000000.0;5180000000.0;52372000000.0;21189000000.0;31183000000.0;23988000000.0;5.77
UNP;2015-12-31;1391000000.0;4772000000.0;54600000000.0;20702000000.0;33898000000.0;21813000000.0;5.51
UNP;2016-12-31;1277000000.0;4233000000.0;55718000000.0;19932000000.0;35786000000.0;19941000000.0;
UPS;2012-12-31;7327000000.0;807000000.0;38863000000.0;4653000000.0;34210000000.0;54127000000.0;0.84
UPS;2013-12-31;4665000000.0;4372000000.0;36212000000.0;6474000000.0;29738000000.0;55438000000.0;4.65
UPS;2014-12-31;2291000000.0;3032000000.0;35440000000.0;2141000000.0;33299000000.0;58232000000.0;3.31
UPS;2015-12-31;2730000000.0;4844000000.0;38311000000.0;2470000000.0;35841000000.0;58363000000.0;5.38
URBN;2013-01-31;245327000.0;237314000.0;1797211000.0;1354588000.0;442623000.0;2794925000.0;1.63
URBN;2014-01-31;242058000.0;282360000.0;2221214000.0;1694170000.0;527044000.0;3086608000.0;1.92
URBN;2015-01-31;154558000.0;232428000.0;1888741000.0;1327969000.0;560772000.0;3323077000.0;1.7
URBN;2016-01-31;265276000.0;224489000.0;1833301000.0;1137227000.0;696074000.0;3445134000.0;1.79
USB;2013-07-31;224138000.0;247377000.0;1743556000.0;1085187000.0;658369000.0;2436948000.0;
USB;2014-07-31;296418000.0;260200000.0;1942411000.0;1002483000.0;939928000.0;2473500000.0;
USB;2015-07-31;189900000.0;208100000.0;1809500000.0;774800000.0;1034700000.0;2371200000.0;
USB;2016-07-31;243200000.0;190800000.0;1788600000.0;767400000.0;1021200000.0;2220300000.0;
UTX;2013-12-31;4619000000.0;5721000000.0;90594000000.0;31866000000.0;58728000000.0;56600000000.0;6.35
UTX;2014-12-31;5229000000.0;6220000000.0;91206000000.0;31213000000.0;59993000000.0;57900000000.0;6.92
UTX;2015-12-31;7075000000.0;7608000000.0;87484000000.0;27358000000.0;60126000000.0;56098000000.0;8.72
UTX;2016-12-31;7157000000.0;5055000000.0;89706000000.0;27579000000.0;62127000000.0;57244000000.0;
V;2013-09-30;2235000000.0;4980000000.0;35956000000.0;26870000000.0;9086000000.0;11778000000.0;
V;2014-09-30;3469000000.0;5438000000.0;38569000000.0;27413000000.0;11156000000.0;12702000000.0;
V;2015-09-30;4590000000.0;6328000000.0;39367000000.0;29842000000.0;9525000000.0;13880000000.0;
V;2016-09-30;6646000000.0;5991000000.0;64035000000.0;32912000000.0;31123000000.0;15082000000.0;
VAR;2013-09-27;1117861000.0;438248000.0;3468474000.0;1713847000.0;1754627000.0;2942897000.0;4.04
VAR;2014-09-26;849275000.0;403700000.0;3357290000.0;1616420000.0;1740870000.0;3049800000.0;3.88
VAR;2015-10-02;845500000.0;411500000.0;3578700000.0;1711600000.0;1867100000.0;3099100000.0;4.13
VAR;2016-09-30;843500000.0;402300000.0;3816000000.0;1740500000.0;2075500000.0;3217800000.0;4.22
VFC;2012-12-31;597461000.0;1085999000.0;9633021000.0;5125625000.0;4507396000.0;10879855000.0;
VFC;2013-12-31;776403000.0;1210119000.0;10315443000.0;6077038000.0;4238405000.0;11419648000.0;
VFC;2015-01-03;971895000.0;1047505000.0;9845300000.0;5630882000.0;4214418000.0;12282161000.0;2.42
VFC;2016-01-02;945605000.0;1231593000.0;9639542000.0;5384838000.0;4254704000.0;12376744000.0;2.9
VIAB;2013-09-30;2403000000.0;2395000000.0;23829000000.0;5193000000.0;18636000000.0;13794000000.0;4.93
VIAB;2014-09-30;1000000000.0;2391000000.0;23047000000.0;3719000000.0;19328000000.0;13783000000.0;5.53
VIAB;2015-09-30;506000000.0;1922000000.0;22143000000.0;3538000000.0;18605000000.0;13268000000.0;4.78
VIAB;2016-09-30;379000000.0;1438000000.0;22508000000.0;4277000000.0;18231000000.0;12488000000.0;3.63
VLO;2012-12-31;1723000000.0;2083000000.0;44477000000.0;18032000000.0;26445000000.0;138393000000.0;3.77
VLO;2013-12-31;4292000000.0;2720000000.0;47260000000.0;19460000000.0;27800000000.0;138074000000.0;4.99
VLO;2014-12-31;3689000000.0;3630000000.0;45550000000.0;20677000000.0;24873000000.0;130844000000.0;6.88
VLO;2015-12-31;4114000000.0;3990000000.0;44343000000.0;20527000000.0;23816000000.0;87804000000.0;8.0
VMC;2012-12-31;275478000.0;-52593000.0;8126599000.0;3761062000.0;4365537000.0;2567310000.0;-0.41
VMC;2013-12-31;193738000.0;24382000.0;8259143000.0;3938106000.0;4321037000.0;2770709000.0;0.19
VMC;2014-12-31;141273000.0;204923000.0;8041097000.0;4176699000.0;3864398000.0;2994169000.0;1.56
VMC;2015-12-31;285210000.0;221177000.0;8301632000.0;4454188000.0;3847444000.0;3422181000.0;1.66
VNO;2013-12-31;845730000.0;475971000.0;20097224000.0;6765232000.0;13331992000.0;2299176000.0;2.1
VNO;2014-12-31;1374681000.0;864852000.0;21157980000.0;6745426000.0;14412554000.0;2312512000.0;4.18
VNO;2015-12-31;1943506000.0;760434000.0;21143293000.0;6697595000.0;14445698000.0;2502267000.0;3.61
VNO;2016-12-31;1599322000.0;906917000.0;20814847000.0;6898519000.0;13916328000.0;2506202000.0;
VRSK;2012-12-31;89819000.0;329142000.0;2360336000.0;255591000.0;2104745000.0;1407848000.0;1.98
VRSK;2013-12-31;165801000.0;348380000.0;2504451000.0;547589000.0;1956862000.0;1595703000.0;2.07
VRSK;2014-12-31;39359000.0;400042000.0;2345330000.0;211043000.0;2134287000.0;1746726000.0;2.41
VRSK;2015-12-31;138348000.0;507577000.0;5615927000.0;1372011000.0;4243916000.0;2068010000.0;3.07
VRSN;2012-12-31;130736000.0;320032000.0;2062476000.0;-9323000.0;2071799000.0;873592000.0;2.04
VRSN;2013-12-31;339223000.0;544450000.0;2660767000.0;-423558000.0;3084325000.0;965087000.0;3.77
VRSN;2014-12-31;191608000.0;355260000.0;1901150000.0;-883466000.0;2784616000.0;1010117000.0;2.8
VRSN;2015-12-31;228659000.0;375236000.0;2357737000.0;-1070447000.0;3428184000.0;1059366000.0;3.29
VRTX;2012-12-31;559390000.0;-107032000.0;2759288000.0;999180000.0;1760108000.0;1527042000.0;-0.5
VRTX;2013-12-31;569299000.0;-445028000.0;2319041000.0;1356405000.0;962636000.0;1211975000.0;-1.98
VRTX;2014-12-31;633677000.0;-738555000.0;2334679000.0;1075006000.0;1259673000.0;580415000.0;-3.14
VRTX;2015-12-31;793678000.0;-556334000.0;2498875000.0;939967000.0;1558908000.0;1032336000.0;-2.31
VTR;2013-12-31;94816000.0;454669000.0;19731494000.0;8824281000.0;10907213000.0;2514595000.0;1.55
VTR;2014-12-31;55348000.0;477001000.0;21165913000.0;8680184000.0;12485729000.0;2772550000.0;1.62
VTR;2015-12-31;53023000.0;419222000.0;22261918000.0;9564327000.0;12697591000.0;3285346000.0;1.26
VTR;2016-12-31;286707000.0;651490000.0;23166600000.0;10460240000.0;12706360000.0;3442646000.0;
VZ;2012-12-31;3093000000.0;875000000.0;225222000000.0;33157000000.0;192065000000.0;115846000000.0;0.31
VZ;2013-12-31;53528000000.0;11497000000.0;274098000000.0;38836000000.0;235262000000.0;120550000000.0;4.01
VZ;2014-12-31;10598000000.0;9625000000.0;232616000000.0;12298000000.0;220318000000.0;127079000000.0;2.42
VZ;2015-12-31;4470000000.0;17879000000.0;244640000000.0;16428000000.0;228212000000.0;131620000000.0;4.38
WAT;2012-12-31;481035000.0;461443000.0;3168150000.0;1467357000.0;1700793000.0;1843641000.0;
WAT;2013-12-31;440796000.0;450003000.0;3582629000.0;1763173000.0;1819456000.0;1904218000.0;
WAT;2014-12-31;422177000.0;431620000.0;3874690000.0;1894666000.0;1980024000.0;1989344000.0;
WAT;2015-12-31;487665000.0;469053000.0;4268677000.0;2058851000.0;2209826000.0;2042332000.0;5.7
WDC;2013-06-28;4309000000.0;980000000.0;14036000000.0;7893000000.0;6143000000.0;15351000000.0;4.07
WDC;2014-06-27;4804000000.0;1617000000.0;15499000000.0;8842000000.0;6657000000.0;15130000000.0;6.88
WDC;2015-07-03;5024000000.0;1465000000.0;15170000000.0;9219000000.0;5951000000.0;14572000000.0;6.31
WDC;2016-07-01;8151000000.0;242000000.0;32862000000.0;11145000000.0;21717000000.0;12994000000.0;1.01
WEC;2012-12-31;35600000.0;546300000.0;14285000000.0;4165500000.0;10119500000.0;4246400000.0;2.37
WEC;2013-12-31;26000000.0;578600000.0;14769400000.0;4263400000.0;10506000000.0;4519000000.0;2.54
WEC;2014-12-31;61900000.0;589500000.0;14905000000.0;4450100000.0;10454900000.0;4997100000.0;2.61
WEC;2015-12-31;49800000.0;640300000.0;29355200000.0;8685200000.0;20670000000.0;5926100000.0;2.36
WFC;2012-12-31;451854000000.0;18897000000.0;1422968000000.0;157554000000.0;1265414000000.0;91247000000.0;3.4
WFC;2013-12-31;560878000000.0;21878000000.0;1523502000000.0;170142000000.0;1353360000000.0;88069000000.0;3.95
WFC;2014-12-31;669180000000.0;23057000000.0;1687155000000.0;184394000000.0;1502761000000.0;88372000000.0;4.17
WFC;2015-12-31;713998000000.0;22894000000.0;1787632000000.0;192998000000.0;1594634000000.0;90033000000.0;4.18
WFM;2013-09-29;401000000.0;551000000.0;5538000000.0;3878000000.0;1660000000.0;12917000000.0;1.48
WFM;2014-09-28;299000000.0;579000000.0;5744000000.0;3813000000.0;1931000000.0;14194000000.0;1.57
WFM;2015-09-27;364000000.0;536000000.0;5741000000.0;3769000000.0;1972000000.0;15389000000.0;1.49
WFM;2016-09-25;473000000.0;507000000.0;6341000000.0;3224000000.0;3117000000.0;15724000000.0;1.55
WHR;2013-12-31;1380000000.0;827000000.0;15544000000.0;4924000000.0;10510000000.0;18769000000.0;10.42
WHR;2014-12-31;1026000000.0;650000000.0;20002000000.0;4885000000.0;14206000000.0;19872000000.0;8.3
WHR;2015-12-31;772000000.0;783000000.0;19010000000.0;4743000000.0;13336000000.0;20891000000.0;9.95
WHR;2016-12-31;1085000000.0;888000000.0;19153000000.0;4773000000.0;13425000000.0;20718000000.0;
WLTW;2012-12-31;500000000.0;-446000000.0;15112000000.0;1699000000.0;13413000000.0;3480000000.0;
WLTW;2013-12-31;796000000.0;365000000.0;14800000000.0;2215000000.0;12585000000.0;3655000000.0;
WLTW;2014-12-31;635000000.0;362000000.0;15421000000.0;1985000000.0;13436000000.0;3802000000.0;
WLTW;2015-12-31;532000000.0;373000000.0;18839000000.0;2229000000.0;16610000000.0;3829000000.0;
WM;2013-12-31;58000000.0;98000000.0;22603000000.0;5707000000.0;16896000000.0;13983000000.0;0.21
WM;2014-12-31;1307000000.0;1298000000.0;21297000000.0;5866000000.0;15431000000.0;13996000000.0;2.8
WM;2015-12-31;39000000.0;753000000.0;20367000000.0;5345000000.0;15022000000.0;12961000000.0;1.66
WM;2016-12-31;32000000.0;1182000000.0;20859000000.0;5297000000.0;15562000000.0;13609000000.0;
WMB;2012-12-31;839000000.0;859000000.0;24327000000.0;4752000000.0;19575000000.0;7486000000.0;1.39
WMB;2013-12-31;681000000.0;430000000.0;27142000000.0;4864000000.0;22278000000.0;6860000000.0;0.63
WMB;2014-12-31;240000000.0;2114000000.0;50455000000.0;8777000000.0;41678000000.0;7637000000.0;2.94
WMB;2015-12-31;100000000.0;-571000000.0;49020000000.0;6148000000.0;42872000000.0;7360000000.0;-0.76
WMT;2013-01-31;7781000000.0;16999000000.0;203105000000.0;76343000000.0;126762000000.0;468651000000.0;5.04
WMT;2014-01-31;7281000000.0;16022000000.0;204751000000.0;76255000000.0;128496000000.0;476294000000.0;4.9
WMT;2015-01-31;9135000000.0;16363000000.0;203490000000.0;81394000000.0;122096000000.0;485651000000.0;5.07
WMT;2016-01-31;8705000000.0;14694000000.0;199581000000.0;80546000000.0;119035000000.0;482130000000.0;4.58
WRK;2014-09-30;41400000.0;483800000.0;11039700000.0;4306800000.0;6732900000.0;9895100000.0;
WRK;2015-09-30;215100000.0;511800000.0;25372400000.0;11651800000.0;13720600000.0;11124800000.0;2.97
WRK;2016-09-30;366400000.0;-389900000.0;23038200000.0;9728800000.0;13309400000.0;14171800000.0;-1.56
WU;2012-12-31;1776500000.0;1025900000.0;9465700000.0;940600000.0;8525100000.0;5664800000.0;1.7
WU;2013-12-31;2073100000.0;798400000.0;10121300000.0;1104700000.0;9016600000.0;5542000000.0;1.43
WU;2014-12-31;1783200000.0;852400000.0;9890400000.0;1300400000.0;8590000000.0;5607200000.0;1.6
WU;2015-12-31;1315900000.0;837800000.0;9458900000.0;1404900000.0;8054000000.0;5483700000.0;1.63
WY;2012-12-31;898000000.0;385000000.0;12592000000.0;4070000000.0;8522000000.0;5989000000.0;0.71
WY;2013-12-31;830000000.0;563000000.0;14577000000.0;6795000000.0;7782000000.0;7254000000.0;0.95
WY;2014-12-31;1580000000.0;1826000000.0;13265000000.0;5304000000.0;7961000000.0;7403000000.0;3.2
WY;2015-12-31;1012000000.0;506000000.0;12486000000.0;4869000000.0;7617000000.0;7082000000.0;0.89
WYN;2012-12-31;195000000.0;400000000.0;9463000000.0;1930000000.0;7533000000.0;4534000000.0;2.8
WYN;2013-12-31;194000000.0;432000000.0;9741000000.0;1623000000.0;8118000000.0;5009000000.0;3.25
WYN;2014-12-31;183000000.0;529000000.0;9679000000.0;1255000000.0;8424000000.0;5281000000.0;4.22
WYN;2015-12-31;171000000.0;612000000.0;9716000000.0;950000000.0;8766000000.0;5536000000.0;5.18
WYNN;2012-12-31;1725219000.0;502036000.0;7276594000.0;-259037000.0;7535631000.0;5154284000.0;4.87
WYNN;2013-12-31;2435041000.0;728652000.0;8377030000.0;-184507000.0;8561537000.0;5620936000.0;7.25
WYNN;2014-12-31;2182164000.0;731554000.0;9062861000.0;-28779000.0;9091640000.0;5433661000.0;7.25
WYNN;2015-12-31;2080089000.0;195290000.0;10522259000.0;-111979000.0;10634238000.0;4075883000.0;1.93
XEC;2012-12-31;69538000.0;353823000.0;6305152000.0;3474736000.0;2830416000.0;1623938000.0;4.08
XEC;2013-12-31;4531000.0;564689000.0;7253135000.0;4022208000.0;3230927000.0;1998051000.0;6.48
XEC;2014-12-31;405862000.0;507204000.0;8708469000.0;4500632000.0;4207837000.0;2424176000.0;5.79
XEC;2015-12-31;779382000.0;-2408948000.0;5243286000.0;2797678000.0;2445608000.0;1452619000.0;-25.92
XEL;2012-12-31;82323000.0;905229000.0;31140686000.0;8874077000.0;22266609000.0;10128223000.0;1.86
XEL;2013-12-31;107144000.0;948234000.0;33907490000.0;9565950000.0;24341540000.0;10914922000.0;1.91
XEL;2014-12-31;79608000.0;1021306000.0;36957884000.0;10214482000.0;26743402000.0;11686135000.0;2.03
XEL;2015-12-31;84940000.0;984485000.0;39053535000.0;10600920000.0;28452615000.0;11024486000.0;1.94
XL;2012-12-31;2618378000.0;651128000.0;45386895000.0;10510077000.0;34876818000.0;7232397000.0;2.12
XL;2013-12-31;1800832000.0;1059916000.0;45652887000.0;9997633000.0;35655254000.0;7541234000.0;3.68
XL;2014-12-31;2521814000.0;188340000.0;45046819000.0;10033751000.0;35013068000.0;6602267000.0;0.71
XL;2015-12-31;3411228000.0;1201560000.0;58682938000.0;11677079000.0;47005859000.0;9308926000.0;4.22
XLNX;2013-03-30;623558000.0;487536000.0;4729451000.0;2963296000.0;1766155000.0;2168652000.0;1.86
XLNX;2014-03-29;973677000.0;630388000.0;5037349000.0;2752682000.0;2284667000.0;2382531000.0;2.37
XLNX;2015-03-28;892572000.0;648216000.0;4898065000.0;2611594000.0;2286471000.0;2377344000.0;2.44
XLNX;2016-04-02;503816000.0;550867000.0;4823154000.0;2589893000.0;2233261000.0;2213881000.0;2.14
XOM;2012-12-31;9923000000.0;44880000000.0;333795000000.0;165863000000.0;167932000000.0;451509000000.0;9.7
XOM;2013-12-31;4913000000.0;32580000000.0;346808000000.0;174003000000.0;172805000000.0;420836000000.0;7.37
XOM;2014-12-31;4658000000.0;32520000000.0;349493000000.0;174399000000.0;175094000000.0;394105000000.0;7.6
XOM;2015-12-31;3705000000.0;16150000000.0;336758000000.0;170811000000.0;165947000000.0;259488000000.0;3.85
XRAY;2012-12-31;80132000.0;314213000.0;4972297000.0;2208698000.0;2763599000.0;2928429000.0;2.22
XRAY;2013-12-31;74954000.0;313200000.0;5078047000.0;2535053000.0;2542994000.0;2950800000.0;2.2
XRAY;2014-12-31;151600000.0;322900000.0;4646500000.0;2321300000.0;2325200000.0;2922600000.0;2.28
XRAY;2015-12-31;284600000.0;251200000.0;4402900000.0;2338000000.0;2064900000.0;2674300000.0;1.79
XRX;2012-12-31;1246000000.0;1195000000.0;30015000000.0;11521000000.0;18494000000.0;20421000000.0;0.9
XRX;2013-12-31;1764000000.0;1159000000.0;29036000000.0;12300000000.0;16736000000.0;20006000000.0;0.93
XRX;2014-12-31;1411000000.0;1013000000.0;27658000000.0;10678000000.0;16980000000.0;19540000000.0;0.82
XRX;2015-12-31;1368000000.0;474000000.0;24817000000.0;9074000000.0;15743000000.0;18045000000.0;0.42
XYL;2012-12-31;504000000.0;297000000.0;4679000000.0;2074000000.0;2605000000.0;3791000000.0;1.6
XYL;2013-12-31;533000000.0;228000000.0;4896000000.0;2241000000.0;2655000000.0;3837000000.0;1.23
XYL;2014-12-31;663000000.0;337000000.0;4833000000.0;2127000000.0;2706000000.0;3916000000.0;1.84
XYL;2015-12-31;680000000.0;340000000.0;4657000000.0;2084000000.0;2573000000.0;3653000000.0;1.88
YHOO;2012-12-31;2667778000.0;3945479000.0;17103253000.0;14560200000.0;2543053000.0;4986566000.0;3.31
YHOO;2013-12-31;2077590000.0;1366281000.0;16804959000.0;13074909000.0;3730050000.0;4680380000.0;1.3
YHOO;2014-12-31;2664098000.0;7521731000.0;61707336000.0;38741837000.0;22965499000.0;4618133000.0;7.61
YHOO;2015-12-31;1631911000.0;-4359082000.0;45203966000.0;29043537000.0;16160429000.0;4968301000.0;-4.64
YUM;2012-12-29;912000000.0;1597000000.0;9013000000.0;2154000000.0;6859000000.0;13633000000.0;3.46
YUM;2013-12-28;669000000.0;1091000000.0;8695000000.0;2166000000.0;6529000000.0;13084000000.0;2.41
YUM;2014-12-27;673000000.0;1051000000.0;8334000000.0;1547000000.0;6787000000.0;13279000000.0;2.37
YUM;2015-12-26;840000000.0;1293000000.0;8075000000.0;911000000.0;7164000000.0;13105000000.0;2.97
ZBH;2012-12-31;884300000.0;755000000.0;9012400000.0;5860900000.0;3151500000.0;4471700000.0;4.32
ZBH;2013-12-31;1080600000.0;780400000.0;9580600000.0;6297300000.0;3283300000.0;4623400000.0;4.49
ZBH;2014-12-31;1083300000.0;720300000.0;9658000000.0;6549900000.0;3108100000.0;4673300000.0;4.26
ZBH;2015-12-31;1459300000.0;147000000.0;27219500000.0;9887900000.0;17331600000.0;5997800000.0;0.78
ZION;2012-12-31;14472748000.0;349516000.0;55511918000.0;6052069000.0;49459849000.0;2458592000.0;0.97
ZION;2013-12-31;13957805000.0;263791000.0;56031127000.0;6464563000.0;49566564000.0;2278812000.0;1.58
ZION;2014-12-31;13968431000.0;398462000.0;57208874000.0;7369530000.0;49839344000.0;2361631000.0;1.68
ZION;2015-12-31;15763133000.0;309471000.0;59669525000.0;7507519000.0;52162006000.0;2210591000.0;1.2
ZTS;2013-12-31;610000000.0;504000000.0;6558000000.0;940000000.0;5618000000.0;4561000000.0;1.01
ZTS;2014-12-31;882000000.0;583000000.0;6588000000.0;1311000000.0;5277000000.0;4785000000.0;1.16
ZTS;2015-12-31;1154000000.0;339000000.0;7913000000.0;1068000000.0;6845000000.0;4765000000.0;0.68
ZTS;2016-12-31;727000000.0;821000000.0;7649000000.0;1487000000.0;6162000000.0;4888000000.0;
